time,bid_price,ask_price,total_volume,open_price,quote_time
2022-12-28 14:59:08.361000,129.94,129.95,9567226,129.67,35948
2022-12-28 14:59:08.887000,129.95,129.96,9568368,,
2022-12-28 14:59:09.415000,129.94,,9569932,,35949
2022-12-28 14:59:09.941000,129.95,,9571271,,
2022-12-28 14:59:10.486000,129.93,129.94,9572105,,35950
2022-12-28 14:59:11.010000,129.92,129.93,9574262,,
2022-12-28 14:59:11.555000,,129.94,9575262,,35951
2022-12-28 14:59:12.078000,129.91,129.92,9577464,,
2022-12-28 14:59:12.591000,129.9,129.91,9577587,,35952
2022-12-28 14:59:13.114000,129.89,129.9,9580803,,
2022-12-28 14:59:13.617000,,,9582659,,35953
2022-12-28 14:59:14.149000,129.9,129.92,9583483,,
2022-12-28 14:59:14.674000,,129.91,9585169,,35954
2022-12-28 14:59:15.178000,129.91,129.93,9585770,,
2022-12-28 14:59:15.710000,129.9,129.92,9586452,,35955
2022-12-28 14:59:16.211000,129.92,129.93,9586613,,35956
2022-12-28 14:59:16.721000,129.91,129.92,9587670,,
2022-12-28 14:59:17.248000,,,9587676,,35957
2022-12-28 14:59:17.763000,,,9588765,,
2022-12-28 14:59:18.282000,129.9,129.91,9590168,,35958
2022-12-28 14:59:18.802000,,,9590219,,
2022-12-28 14:59:19.317000,,,9591136,,35959
2022-12-28 14:59:19.842000,129.89,129.9,9594817,,
2022-12-28 14:59:20.367000,,129.91,9596701,,35960
2022-12-28 14:59:20.883000,129.93,129.94,9598155,,
2022-12-28 14:59:21.394000,129.92,,9599070,,35961
2022-12-28 14:59:21.920000,,129.93,9600060,,
2022-12-28 14:59:22.445000,129.93,129.94,9601407,,35962
2022-12-28 14:59:22.961000,,,9602666,,
2022-12-28 14:59:23.473000,129.94,129.95,9603570,,35963
2022-12-28 14:59:24.006000,,,9603591,,
2022-12-28 14:59:24.538000,129.93,,9604062,,35964
2022-12-28 14:59:25.073000,,,9604193,,
2022-12-28 14:59:25.578000,129.94,,9604946,,35965
2022-12-28 14:59:26.122000,129.93,,9605589,,
2022-12-28 14:59:26.632000,,129.94,9605814,,35966
2022-12-28 14:59:27.135000,,,9605980,,
2022-12-28 14:59:27.639000,,,9607322,,35967
2022-12-28 14:59:28.155000,,,9607326,,
2022-12-28 14:59:28.679000,,129.95,9607528,,35968
2022-12-28 14:59:29.184000,,,9607655,,
2022-12-28 14:59:29.702000,129.94,129.96,9608172,,35969
2022-12-28 14:59:30.225000,129.95,,9608534,,35970
2022-12-28 14:59:30.754000,,129.97,9609362,,
2022-12-28 14:59:31.292000,129.97,129.99,9610713,,35971
2022-12-28 14:59:31.796000,129.96,129.97,9612000,,
2022-12-28 14:59:32.340000,,,9612167,,35972
2022-12-28 14:59:32.854000,,,9612394,,
2022-12-28 14:59:33.359000,,,9613539,,35973
2022-12-28 14:59:33.886000,,,9613560,,
2022-12-28 14:59:34.391000,129.97,129.99,9613829,,35974
2022-12-28 14:59:34.917000,,,9613934,,
2022-12-28 14:59:35.442000,,129.98,9613955,,35975
2022-12-28 14:59:35.955000,129.98,129.99,9614055,,
2022-12-28 14:59:36.501000,129.97,129.98,9614899,,35976
2022-12-28 14:59:37.028000,,,9615651,,
2022-12-28 14:59:37.574000,129.98,129.99,9616282,,35977
2022-12-28 14:59:38.111000,,,9618677,,
2022-12-28 14:59:38.657000,,,9622918,,35978
2022-12-28 14:59:39.196000,129.96,129.97,9627249,,
2022-12-28 14:59:39.747000,,,9628794,,35979
2022-12-28 14:59:40.253000,129.98,129.99,9631222,,35980
2022-12-28 14:59:40.787000,,,9631833,,
2022-12-28 14:59:41.291000,,,9632345,,35981
2022-12-28 14:59:41.854000,,,9633214,,
2022-12-28 14:59:42.375000,129.99,130,9634041,,35982
2022-12-28 14:59:42.917000,129.98,129.99,9635003,,
2022-12-28 14:59:43.419000,,,9635235,,
2022-12-28 14:59:43.965000,,,9635543,,35983
2022-12-28 14:59:44.476000,129.96,129.97,9638179,,35984
2022-12-28 14:59:45.002000,,,9640757,,
2022-12-28 14:59:45.522000,,,9641939,,35985
2022-12-28 14:59:46.037000,129.95,,9643077,,
2022-12-28 14:59:46.541000,129.94,129.95,9643644,,35986
2022-12-28 14:59:47.072000,,,9643759,,
2022-12-28 14:59:47.601000,,,9643765,,35987
2022-12-28 14:59:48.119000,,,9643824,,
2022-12-28 14:59:48.664000,,,9643937,,35988
2022-12-28 14:59:49.197000,,,9644274,,
2022-12-28 14:59:49.706000,,,9645234,,35989
2022-12-28 14:59:50.214000,,,9649284,,
2022-12-28 14:59:50.802000,,,9651983,,35990
2022-12-28 14:59:51.329000,129.93,129.94,9653794,,35991
2022-12-28 14:59:51.850000,,,9654056,,
2022-12-28 14:59:52.395000,,,9654349,,35992
2022-12-28 14:59:52.900000,,,9654850,,
2022-12-28 14:59:53.425000,,,9654878,,35993
2022-12-28 14:59:53.936000,129.95,129.96,9657502,,
2022-12-28 14:59:54.441000,129.94,129.95,9657562,,35994
2022-12-28 14:59:54.979000,,,9658800,,
2022-12-28 14:59:55.524000,129.95,129.96,9658942,,35995
2022-12-28 14:59:56.031000,129.94,129.95,9658963,,
2022-12-28 14:59:56.536000,,,9659858,,35996
2022-12-28 14:59:57.081000,,129.96,9661064,,
2022-12-28 14:59:57.601000,,129.95,9661691,,35997
2022-12-28 14:59:58.145000,129.95,129.96,9662289,,
2022-12-28 14:59:58.686000,,,9664266,,35998
2022-12-28 14:59:59.196000,129.94,129.95,9664302,,
2022-12-28 14:59:59.699000,129.97,129.98,9665345,,35999
2022-12-28 15:00:00.226000,,129.99,9666674,,36000
2022-12-28 15:00:00.758000,,,9668436,,
2022-12-28 15:00:01.284000,130.02,130.03,9681212,,36001
2022-12-28 15:00:01.852000,130.08,130.09,9693635,,
2022-12-28 15:00:02.358000,130.03,130.05,9697074,,36002
2022-12-28 15:00:02.873000,,130.04,9699586,,
2022-12-28 15:00:03.418000,,,9703756,,36003
2022-12-28 15:00:03.958000,130.02,,9704935,,
2022-12-28 15:00:04.505000,130.03,130.05,9707394,,36004
2022-12-28 15:00:05.031000,130.04,,9708212,,
2022-12-28 15:00:05.614000,130.02,130.03,9713310,,36005
2022-12-28 15:00:06.120000,,,9714407,,36006
2022-12-28 15:00:06.653000,130.04,130.05,9715343,,
2022-12-28 15:00:07.179000,130.05,130.06,9715701,,36007
2022-12-28 15:00:07.692000,130.04,130.05,9715833,,
2022-12-28 15:00:08.199000,130.08,130.09,9719912,,36008
2022-12-28 15:00:08.733000,130.09,130.11,9722948,,
2022-12-28 15:00:09.248000,,130.1,9724353,,36009
2022-12-28 15:00:09.799000,,,9724825,,
2022-12-28 15:00:10.307000,130.07,130.09,9727561,,36010
2022-12-28 15:00:10.857000,130.06,130.08,9727918,,
2022-12-28 15:00:11.399000,130.07,130.09,9729154,,36011
2022-12-28 15:00:11.939000,130.06,130.08,9730397,,
2022-12-28 15:00:12.471000,130.09,130.1,9731586,,36012
2022-12-28 15:00:12.978000,130.07,130.09,9732321,,
2022-12-28 15:00:13.517000,,,9735788,,36013
2022-12-28 15:00:14.029000,130.08,130.1,9736377,,
2022-12-28 15:00:14.542000,130.09,,9740454,,36014
2022-12-28 15:00:15.067000,,130.11,9741067,,
2022-12-28 15:00:15.593000,,,9742329,,36015
2022-12-28 15:00:16.099000,130.11,130.13,9743358,,36016
2022-12-28 15:00:16.618000,130.13,130.15,9748225,,
2022-12-28 15:00:17.124000,130.12,130.13,9750258,,36017
2022-12-28 15:00:17.629000,130.13,130.15,9752788,,
2022-12-28 15:00:18.157000,130.11,130.13,9753663,,36018
2022-12-28 15:00:18.702000,130.15,130.17,9755893,,
2022-12-28 15:00:19.223000,130.17,130.18,9757397,,
2022-12-28 15:00:19.757000,,,9759823,,36019
2022-12-28 15:00:20.284000,130.18,130.19,9763074,,
2022-12-28 15:00:20.807000,,,9768821,,36020
2022-12-28 15:00:21.353000,130.21,130.23,9773270,,36021
2022-12-28 15:00:21.898000,130.22,,9774010,,
2022-12-28 15:00:22.413000,130.25,130.27,9799368,,36022
2022-12-28 15:00:22.959000,,,9801729,,
2022-12-28 15:00:23.460000,130.29,130.31,9810411,,36023
2022-12-28 15:00:23.987000,130.32,130.34,9814468,,
2022-12-28 15:00:24.516000,130.35,130.36,9825416,,36024
2022-12-28 15:00:25.049000,130.38,130.39,9833558,,
2022-12-28 15:00:25.555000,130.35,130.37,9837145,,36025
2022-12-28 15:00:26.079000,,130.36,9839612,,
2022-12-28 15:00:26.611000,130.39,130.4,9846366,,36026
2022-12-28 15:00:27.136000,130.38,130.39,9850567,,36027
2022-12-28 15:00:27.639000,130.4,130.41,9851636,,
2022-12-28 15:00:28.146000,,,9865826,,36028
2022-12-28 15:00:28.685000,,130.42,9867441,,
2022-12-28 15:00:29.229000,130.39,130.41,9868616,,36029
2022-12-28 15:00:29.759000,,,9870887,,
2022-12-28 15:00:30.272000,130.41,130.42,9872894,,36030
2022-12-28 15:00:30.791000,130.38,130.39,9874983,,
2022-12-28 15:00:31.320000,130.33,130.34,9880772,,
2022-12-28 15:00:31.825000,130.31,130.32,9882203,,36031
2022-12-28 15:00:32.331000,130.34,130.35,9886439,,36032
2022-12-28 15:00:32.867000,130.28,130.29,9891178,,
2022-12-28 15:00:33.373000,130.25,130.27,9896878,,36033
2022-12-28 15:00:33.903000,130.27,130.28,9898116,,
2022-12-28 15:00:34.448000,,,9899810,,36034
2022-12-28 15:00:34.993000,130.26,130.27,9901027,,
2022-12-28 15:00:35.505000,130.27,130.28,9901379,,36035
2022-12-28 15:00:36.011000,130.29,130.31,9902820,,
2022-12-28 15:00:36.543000,130.28,130.29,9903320,,36036
2022-12-28 15:00:37.076000,,130.3,9903371,,
2022-12-28 15:00:37.581000,130.26,130.27,9903571,,36037
2022-12-28 15:00:38.111000,130.22,130.23,9906450,,36038
2022-12-28 15:00:38.650000,,130.24,9907376,,
2022-12-28 15:00:39.156000,,130.23,9908651,,36039
2022-12-28 15:00:39.661000,130.23,130.25,9912082,,
2022-12-28 15:00:40.176000,130.27,130.28,9914707,,36040
2022-12-28 15:00:40.687000,130.24,130.25,9919111,,
2022-12-28 15:00:41.198000,,,9919627,,36041
2022-12-28 15:00:41.710000,130.25,130.27,9919737,,
2022-12-28 15:00:42.238000,130.24,130.26,9922280,,36042
2022-12-28 15:00:42.756000,130.26,130.27,9924302,,
2022-12-28 15:00:43.299000,,130.28,9924539,,36043
2022-12-28 15:00:43.843000,130.27,130.29,9924988,,
2022-12-28 15:00:44.383000,130.26,130.27,9925921,,36044
2022-12-28 15:00:44.894000,130.27,130.29,9926449,,
2022-12-28 15:00:45.438000,130.28,,9926823,,36045
2022-12-28 15:00:45.976000,130.27,130.28,9926903,,
2022-12-28 15:00:46.498000,130.24,130.25,9928328,,36046
2022-12-28 15:00:47.201000,,,9932252,,36047
2022-12-28 15:00:47.728000,130.27,130.29,9933611,,
2022-12-28 15:00:48.231000,130.25,130.27,9935092,,36048
2022-12-28 15:00:48.774000,,130.26,9935597,,
2022-12-28 15:00:49.331000,130.27,130.29,9935969,,36049
2022-12-28 15:00:49.857000,,130.28,9936678,,
2022-12-28 15:00:50.371000,130.24,130.26,9938388,,36050
2022-12-28 15:00:50.885000,,130.25,9939601,,
2022-12-28 15:00:51.410000,130.23,130.24,9940258,,36051
2022-12-28 15:00:51.945000,130.25,130.27,9941790,,
2022-12-28 15:00:52.450000,130.24,130.25,9942491,,36052
2022-12-28 15:00:52.983000,130.23,,9942595,,
2022-12-28 15:00:53.516000,130.25,130.26,9943825,,36053
2022-12-28 15:00:54.057000,130.24,130.25,9946467,,
2022-12-28 15:00:54.604000,130.23,,9947662,,36054
2022-12-28 15:00:55.128000,130.24,,9948288,,
2022-12-28 15:00:55.631000,,130.26,9953202,,36055
2022-12-28 15:00:56.160000,130.23,130.25,9954276,,36056
2022-12-28 15:00:56.691000,130.22,130.24,9959954,,
2022-12-28 15:00:57.223000,130.23,,9959956,,36057
2022-12-28 15:00:57.769000,130.22,,9960409,,
2022-12-28 15:00:58.282000,,130.23,9962466,,36058
2022-12-28 15:00:58.789000,130.23,130.24,9962912,,
2022-12-28 15:00:59.362000,130.26,130.27,9963690,,36059
2022-12-28 15:00:59.885000,130.22,130.23,9964746,,
2022-12-28 15:01:00.402000,130.23,130.25,9965329,,36060
2022-12-28 15:01:00.937000,130.22,130.23,9965840,,
2022-12-28 15:01:01.467000,,,9965949,,36061
2022-12-28 15:01:01.971000,130.24,130.25,9966985,,
2022-12-28 15:01:02.509000,130.27,130.29,9976130,,36062
2022-12-28 15:01:03.020000,130.25,130.27,9976979,,
2022-12-28 15:01:03.556000,,,9977682,,36063
2022-12-28 15:01:04.113000,,130.26,9978113,,
2022-12-28 15:01:04.641000,130.22,130.23,9980662,,36064
2022-12-28 15:01:05.153000,130.21,130.22,9981083,,
2022-12-28 15:01:05.680000,130.19,130.2,9986890,,36065
2022-12-28 15:01:06.195000,130.2,130.22,9991196,,36066
2022-12-28 15:01:06.701000,,130.21,9993685,,
2022-12-28 15:01:07.215000,130.23,130.24,9994097,,36067
2022-12-28 15:01:07.762000,130.22,,9995181,,
2022-12-28 15:01:08.282000,130.21,130.23,9995343,,36068
2022-12-28 15:01:08.786000,130.18,130.19,9995496,,
2022-12-28 15:01:09.330000,130.19,130.21,9997386,,36069
2022-12-28 15:01:09.846000,,,9997769,,
2022-12-28 15:01:10.370000,130.26,130.28,9999301,,36070
2022-12-28 15:01:10.922000,,,9999692,,
2022-12-28 15:01:11.428000,130.24,130.26,9999822,,36071
2022-12-28 15:01:11.936000,130.25,,9999925,,
2022-12-28 15:01:12.462000,130.24,,10000350,,36072
2022-12-28 15:01:12.977000,130.25,130.27,10000396,,
2022-12-28 15:01:13.485000,,,10000607,,36073
2022-12-28 15:01:14.016000,,130.26,10000924,,
2022-12-28 15:01:14.530000,,,10002148,,36074
2022-12-28 15:01:15.082000,130.23,130.25,10002452,,
2022-12-28 15:01:15.587000,130.24,,10003559,,36075
2022-12-28 15:01:16.095000,130.23,,10004081,,
2022-12-28 15:01:16.601000,,130.24,10004325,,36076
2022-12-28 15:01:17.136000,,,10004337,,
2022-12-28 15:01:17.649000,130.22,,10007237,,36077
2022-12-28 15:01:18.203000,130.23,,10007838,,36078
2022-12-28 15:01:18.724000,130.25,130.27,10009145,,
2022-12-28 15:01:19.241000,130.26,,10009400,,36079
2022-12-28 15:01:19.779000,130.24,130.25,10013401,,
2022-12-28 15:01:20.302000,130.25,130.26,10014210,,36080
2022-12-28 15:01:20.806000,130.27,130.28,10014839,,
2022-12-28 15:01:21.342000,130.28,130.3,10015516,,36081
2022-12-28 15:01:21.883000,,130.29,10018258,,
2022-12-28 15:01:22.429000,130.29,130.3,10020810,,36082
2022-12-28 15:01:22.935000,,,10022335,,
2022-12-28 15:01:23.448000,130.3,130.31,10031628,,36083
2022-12-28 15:01:23.980000,130.28,130.29,10034831,,
2022-12-28 15:01:24.509000,130.27,130.28,10036136,,36084
2022-12-28 15:01:25.021000,,,10037965,,
2022-12-28 15:01:25.546000,130.26,,10039361,,36085
2022-12-28 15:01:26.057000,,130.27,10039734,,
2022-12-28 15:01:26.568000,,,10039902,,36086
2022-12-28 15:01:27.082000,130.27,130.29,10040053,,
2022-12-28 15:01:27.605000,130.29,130.3,10040541,,36087
2022-12-28 15:01:28.143000,,,10040607,,
2022-12-28 15:01:28.654000,130.3,130.31,10041697,,36088
2022-12-28 15:01:29.173000,,130.32,10044666,,36089
2022-12-28 15:01:29.696000,130.32,130.33,10047122,,
2022-12-28 15:01:30.197000,130.33,130.34,10047412,,36090
2022-12-28 15:01:30.708000,130.38,130.39,10054082,,
2022-12-28 15:01:31.249000,130.36,130.37,10055706,,36091
2022-12-28 15:01:31.750000,130.35,,10067633,,
2022-12-28 15:01:32.288000,130.36,,10069874,,36092
2022-12-28 15:01:32.817000,,,10071192,,
2022-12-28 15:01:33.336000,130.37,130.38,10071971,,36093
2022-12-28 15:01:33.860000,130.38,130.4,10075921,,
2022-12-28 15:01:34.372000,,130.39,10081438,,36094
2022-12-28 15:01:34.901000,130.37,,10083001,,
2022-12-28 15:01:35.427000,130.38,,10096434,,36095
2022-12-28 15:01:35.930000,,,10096732,,
2022-12-28 15:01:36.434000,130.37,130.38,10099300,,36096
2022-12-28 15:01:36.973000,130.36,130.37,10100726,,
2022-12-28 15:01:37.486000,,,10101630,,36097
2022-12-28 15:01:38.006000,,,10103113,,
2022-12-28 15:01:38.525000,130.33,130.34,10104227,,36098
2022-12-28 15:01:39.043000,130.32,,10106674,,
2022-12-28 15:01:39.563000,130.35,130.37,10111045,,36099
2022-12-28 15:01:40.082000,,,10111299,,
2022-12-28 15:01:40.587000,130.36,130.38,10112606,,36100
2022-12-28 15:01:41.099000,130.37,,10113187,,
2022-12-28 15:01:41.611000,,130.39,10113617,,36101
2022-12-28 15:01:42.138000,,,10115024,,
2022-12-28 15:01:42.684000,130.39,130.41,10119166,,36102
2022-12-28 15:01:43.205000,130.41,130.42,10119596,,36103
2022-12-28 15:01:43.740000,130.38,130.39,10120920,,
2022-12-28 15:01:44.247000,,,10122255,,36104
2022-12-28 15:01:44.760000,130.39,130.41,10122443,,
2022-12-28 15:01:45.287000,130.4,,10123567,,36105
2022-12-28 15:01:45.799000,,130.42,10123821,,
2022-12-28 15:01:46.312000,,130.41,10124118,,36106
2022-12-28 15:01:46.837000,130.39,130.4,10125699,,
2022-12-28 15:01:47.364000,,,10126604,,36107
2022-12-28 15:01:47.900000,130.4,130.41,10128411,,
2022-12-28 15:01:48.447000,130.39,,10130382,,36108
2022-12-28 15:01:48.966000,130.42,130.44,10133161,,
2022-12-28 15:01:49.488000,130.41,130.43,10134514,,36109
2022-12-28 15:01:49.998000,,,10135494,,
2022-12-28 15:01:50.523000,130.42,,10138079,,36110
2022-12-28 15:01:51.038000,130.44,130.45,10141567,,
2022-12-28 15:01:51.623000,130.46,130.47,10143049,,36111
2022-12-28 15:01:52.150000,130.44,130.45,10144358,,
2022-12-28 15:01:52.678000,130.46,130.47,10147905,,36112
2022-12-28 15:01:53.203000,,,10155288,,36113
2022-12-28 15:01:53.733000,130.43,130.44,10157301,,
2022-12-28 15:01:54.239000,130.47,130.48,10161549,,36114
2022-12-28 15:01:54.759000,130.46,,10164592,,
2022-12-28 15:01:55.271000,130.48,130.49,10166175,,36115
2022-12-28 15:01:55.800000,,130.5,10169407,,
2022-12-28 15:01:56.330000,,130.49,10185090,,36116
2022-12-28 15:01:56.858000,,,10186148,,
2022-12-28 15:01:57.362000,,130.5,10186198,,36117
2022-12-28 15:01:57.867000,,,10186929,,
2022-12-28 15:01:58.391000,130.46,130.47,10188643,,36118
2022-12-28 15:01:58.914000,,,10188750,,
2022-12-28 15:01:59.427000,130.47,130.48,10191211,,36119
2022-12-28 15:01:59.942000,130.46,130.47,10192325,,
2022-12-28 15:02:00.449000,130.48,130.5,10196039,,36120
2022-12-28 15:02:00.952000,130.45,130.46,10202385,,
2022-12-28 15:02:01.490000,,,10203347,,36121
2022-12-28 15:02:02.020000,130.46,130.47,10206343,,
2022-12-28 15:02:02.560000,130.43,130.44,10209118,,36122
2022-12-28 15:02:03.107000,,,10211067,,
2022-12-28 15:02:03.632000,130.38,130.4,10214997,,36123
2022-12-28 15:02:04.139000,130.39,130.41,10217095,,
2022-12-28 15:02:04.641000,130.38,130.4,10232889,,36124
2022-12-28 15:02:05.155000,,,10239457,,
2022-12-28 15:02:05.681000,130.37,130.39,10247752,,36125
2022-12-28 15:02:06.215000,130.36,130.38,10248422,,36126
2022-12-28 15:02:06.720000,130.38,130.39,10250623,,
2022-12-28 15:02:07.232000,130.37,,10251239,,36127
2022-12-28 15:02:07.773000,130.35,130.37,10251841,,
2022-12-28 15:02:08.279000,,130.36,10256775,,36128
2022-12-28 15:02:08.839000,130.34,130.35,10256803,,
2022-12-28 15:02:09.372000,,,10258109,,36129
2022-12-28 15:02:09.878000,,,10258792,,
2022-12-28 15:02:10.424000,,,10258797,,36130
2022-12-28 15:02:10.936000,130.35,130.37,10259645,,
2022-12-28 15:02:11.473000,130.3,130.32,10261608,,36131
2022-12-28 15:02:12.001000,130.31,,10262115,,
2022-12-28 15:02:12.527000,130.32,130.34,10266324,,36132
2022-12-28 15:02:13.059000,130.3,130.32,10268635,,
2022-12-28 15:02:13.631000,130.29,130.3,10269402,,36133
2022-12-28 15:02:14.195000,130.27,130.28,10271549,,36134
2022-12-28 15:02:14.716000,130.24,130.25,10283201,,
2022-12-28 15:02:15.235000,,,10285505,,36135
2022-12-28 15:02:15.746000,130.23,,10287221,,
2022-12-28 15:02:16.263000,,130.24,10287665,,36136
2022-12-28 15:02:16.809000,130.25,130.26,10289010,,
2022-12-28 15:02:17.336000,,,10289112,,36137
2022-12-28 15:02:17.839000,130.26,130.28,10289883,,
2022-12-28 15:02:18.386000,130.27,130.29,10290362,,36138
2022-12-28 15:02:18.909000,130.29,130.3,10291928,,
2022-12-28 15:02:19.449000,130.32,130.33,10308966,,36139
2022-12-28 15:02:19.981000,130.31,130.32,10309084,,
2022-12-28 15:02:20.488000,130.32,130.34,10314872,,36140
2022-12-28 15:02:20.992000,130.3,130.32,10315363,,
2022-12-28 15:02:21.553000,130.32,130.34,10316657,,36141
2022-12-28 15:02:22.079000,130.34,130.36,10316661,,
2022-12-28 15:02:22.599000,130.32,130.34,10318474,,36142
2022-12-28 15:02:23.103000,130.29,130.3,10319696,,
2022-12-28 15:02:23.610000,130.28,130.29,10322742,,36143
2022-12-28 15:02:24.149000,,130.3,10322827,,
2022-12-28 15:02:24.655000,,130.29,10322849,,36144
2022-12-28 15:02:25.182000,130.29,130.3,10323463,,36145
2022-12-28 15:02:25.693000,,,10323566,,
2022-12-28 15:02:26.214000,130.3,130.31,10324313,,36146
2022-12-28 15:02:26.719000,130.28,130.3,10325154,,
2022-12-28 15:02:27.232000,130.29,,10325429,,36147
2022-12-28 15:02:27.766000,130.28,130.29,10327081,,
2022-12-28 15:02:28.299000,130.25,130.27,10330237,,36148
2022-12-28 15:02:28.833000,130.24,130.26,10330442,,
2022-12-28 15:02:29.341000,130.26,130.27,10331339,,36149
2022-12-28 15:02:29.887000,130.28,130.3,10331621,,
2022-12-28 15:02:30.405000,130.27,130.29,10332910,,36150
2022-12-28 15:02:30.951000,130.29,130.3,10333118,,
2022-12-28 15:02:31.492000,130.28,,10335253,,36151
2022-12-28 15:02:32.004000,130.27,130.29,10335277,,
2022-12-28 15:02:32.525000,130.29,130.31,10335290,,36152
2022-12-28 15:02:33.029000,,130.3,10335296,,
2022-12-28 15:02:33.552000,,130.31,10335316,,36153
2022-12-28 15:02:34.096000,,,10337472,,
2022-12-28 15:02:34.605000,130.22,130.24,10343387,,36154
2022-12-28 15:02:35.111000,,130.23,10343508,,
2022-12-28 15:02:35.653000,130.21,130.22,10345798,,36155
2022-12-28 15:02:36.159000,130.22,130.25,10345804,,
2022-12-28 15:02:36.690000,130.25,130.27,10347976,,36156
2022-12-28 15:02:37.222000,,,10348177,,36157
2022-12-28 15:02:37.760000,130.23,130.25,10348233,,
2022-12-28 15:02:38.264000,130.22,130.23,10348326,,36158
2022-12-28 15:02:38.772000,130.21,,10349277,,
2022-12-28 15:02:39.302000,,,10349882,,36159
2022-12-28 15:02:39.807000,130.22,,10350203,,
2022-12-28 15:02:40.308000,130.2,130.22,10351104,,36160
2022-12-28 15:02:40.815000,130.21,,10351106,,
2022-12-28 15:02:41.321000,,,10352367,,36161
2022-12-28 15:02:41.847000,,130.23,10352988,,
2022-12-28 15:02:42.368000,,,10355477,,36162
2022-12-28 15:02:42.910000,130.22,,10355686,,
2022-12-28 15:02:43.454000,,,10359958,,36163
2022-12-28 15:02:43.955000,130.19,130.21,10363562,,
2022-12-28 15:02:44.468000,130.17,130.19,10364842,,36164
2022-12-28 15:02:44.971000,130.18,130.2,10369248,,
2022-12-28 15:02:45.483000,,,10370616,,36165
2022-12-28 15:02:45.987000,,130.19,10371559,,
2022-12-28 15:02:46.525000,130.17,130.18,10371705,,36166
2022-12-28 15:02:47.049000,130.18,130.19,10372395,,
2022-12-28 15:02:47.586000,,130.2,10373443,,36167
2022-12-28 15:02:48.114000,130.17,130.18,10375706,,
2022-12-28 15:02:48.626000,130.14,130.15,10380066,,36168
2022-12-28 15:02:49.596000,130.12,130.13,10382492,,36169
2022-12-28 15:02:50.111000,130.11,,10384514,,
2022-12-28 15:02:50.623000,,,10384646,,36170
2022-12-28 15:02:51.160000,130.12,,10387628,,
2022-12-28 15:02:51.687000,130.11,,,,36171
2022-12-28 15:02:52.195000,130.12,130.14,10387659,,
2022-12-28 15:02:52.706000,130.15,130.17,10387898,,36172
2022-12-28 15:02:53.247000,130.16,,10388140,,36173
2022-12-28 15:02:53.779000,130.14,130.16,10388707,,
2022-12-28 15:02:54.292000,130.15,,10389119,,36174
2022-12-28 15:02:54.811000,130.17,130.18,10390249,,
2022-12-28 15:02:55.339000,130.19,130.2,10390607,,36175
2022-12-28 15:02:55.858000,130.17,130.19,10390792,,
2022-12-28 15:02:56.367000,,130.18,10391203,,36176
2022-12-28 15:02:56.894000,130.18,130.19,10392269,,
2022-12-28 15:02:57.428000,,,10393265,,36177
2022-12-28 15:02:57.944000,130.19,130.2,10396384,,
2022-12-28 15:02:58.468000,130.18,130.19,10399110,,36178
2022-12-28 15:02:58.980000,130.19,130.2,10399249,,
2022-12-28 15:02:59.493000,130.18,130.19,10399650,,36179
2022-12-28 15:03:00.001000,130.17,130.18,10400269,,
2022-12-28 15:03:00.541000,130.14,130.15,10401887,,36180
2022-12-28 15:03:01.082000,,,10402062,,
2022-12-28 15:03:01.615000,130.13,,10403563,,36181
2022-12-28 15:03:02.132000,,130.14,10404682,,
2022-12-28 15:03:02.645000,130.12,130.13,10407956,,36182
2022-12-28 15:03:03.148000,130.11,,10410592,,
2022-12-28 15:03:03.665000,130.1,130.11,10416918,,36183
2022-12-28 15:03:04.180000,130.09,,10419609,,
2022-12-28 15:03:04.693000,130.08,130.09,10421941,,36184
2022-12-28 15:03:05.224000,130.04,130.06,10424709,,36185
2022-12-28 15:03:05.729000,130.05,,10425011,,
2022-12-28 15:03:06.236000,130.03,130.04,10430043,,36186
2022-12-28 15:03:06.769000,130.01,130.02,10431053,,
2022-12-28 15:03:07.296000,,,10433393,,36187
2022-12-28 15:03:07.823000,129.99,130,10445461,,
2022-12-28 15:03:08.337000,129.98,129.99,10456271,,36188
2022-12-28 15:03:08.841000,129.96,129.97,10461950,,
2022-12-28 15:03:09.388000,,,10463772,,36189
2022-12-28 15:03:09.929000,129.97,129.98,10466105,,
2022-12-28 15:03:10.476000,,129.99,10468462,,36190
2022-12-28 15:03:11.007000,129.96,129.98,10469275,,
2022-12-28 15:03:11.513000,129.97,129.99,10470171,,36191
2022-12-28 15:03:12.047000,,,10470622,,
2022-12-28 15:03:12.555000,129.98,,10471557,,36192
2022-12-28 15:03:13.114000,,,10471683,,
2022-12-28 15:03:13.620000,129.99,130,10474401,,36193
2022-12-28 15:03:14.154000,,130.01,10475968,,
2022-12-28 15:03:14.681000,130.01,130.02,10477364,,36194
2022-12-28 15:03:15.194000,130.02,130.03,10478585,,
2022-12-28 15:03:15.734000,,,10500677,,36195
2022-12-28 15:03:16.240000,,,10500997,,36196
2022-12-28 15:03:16.771000,130.03,130.04,10502016,,
2022-12-28 15:03:17.309000,,,10502488,,
2022-12-28 15:03:17.814000,,,10502873,,36197
2022-12-28 15:03:18.317000,130.01,130.03,10503934,,
2022-12-28 15:03:18.831000,130.04,130.05,10505618,,36198
2022-12-28 15:03:19.348000,,,10506819,,
2022-12-28 15:03:19.854000,130.03,130.04,10507081,,36199
2022-12-28 15:03:20.363000,130.05,130.06,10510636,,36200
2022-12-28 15:03:20.869000,,130.07,10511941,,
2022-12-28 15:03:21.388000,130.07,130.08,10514448,,36201
2022-12-28 15:03:21.900000,130.08,130.09,10517046,,
2022-12-28 15:03:22.424000,130.07,,10517270,,36202
2022-12-28 15:03:22.943000,,130.08,10519171,,
2022-12-28 15:03:23.455000,130.06,130.07,10520322,,36203
2022-12-28 15:03:23.970000,,,10520803,,
2022-12-28 15:03:24.484000,,,10520872,,36204
2022-12-28 15:03:25.029000,130.05,130.06,10521994,,
2022-12-28 15:03:25.531000,130.04,130.05,10523155,,36205
2022-12-28 15:03:26.056000,130.05,130.06,10523389,,
2022-12-28 15:03:26.569000,130.07,130.08,10523631,,36206
2022-12-28 15:03:27.081000,130.06,,10524755,,
2022-12-28 15:03:27.608000,130.07,,10529757,,36207
2022-12-28 15:03:28.120000,,,10532090,,
2022-12-28 15:03:28.663000,,,10533394,,36208
2022-12-28 15:03:29.169000,,,10533678,,
2022-12-28 15:03:29.684000,130.08,130.09,10534235,,36209
2022-12-28 15:03:30.209000,,,10534554,,
2022-12-28 15:03:30.724000,130.05,130.06,10536778,,36210
2022-12-28 15:03:31.271000,130.04,,,,
2022-12-28 15:03:31.791000,130.03,130.04,10537609,,36211
2022-12-28 15:03:32.295000,,,10538612,,36212
2022-12-28 15:03:32.829000,130.01,130.02,10539213,,
2022-12-28 15:03:33.336000,130.02,130.04,10539892,,36213
2022-12-28 15:03:33.874000,,,10539909,,
2022-12-28 15:03:34.379000,130.05,130.07,10541143,,36214
2022-12-28 15:03:34.887000,130.04,130.06,10542557,,
2022-12-28 15:03:35.404000,,,10542993,,36215
2022-12-28 15:03:35.947000,,,10543678,,
2022-12-28 15:03:36.467000,130.07,130.08,10544525,,36216
2022-12-28 15:03:36.987000,130.08,130.1,10545105,,
2022-12-28 15:03:37.532000,130.09,130.11,10547103,,36217
2022-12-28 15:03:38.077000,130.1,,10548508,,
2022-12-28 15:03:38.618000,,130.12,10551543,,36218
2022-12-28 15:03:39.164000,130.09,130.11,10552545,,
2022-12-28 15:03:39.706000,130.11,130.12,10553983,,36219
2022-12-28 15:03:40.230000,,130.13,10555460,,36220
2022-12-28 15:03:40.765000,,,10556562,,
2022-12-28 15:03:41.312000,130.12,,10559191,,36221
2022-12-28 15:03:41.857000,130.15,130.16,10560524,,
2022-12-28 15:03:42.405000,130.16,130.18,10560602,,36222
2022-12-28 15:03:42.921000,,,10561658,,
2022-12-28 15:03:43.468000,,130.17,10563769,,36223
2022-12-28 15:03:43.995000,,130.18,10564633,,
2022-12-28 15:03:44.541000,130.17,,10567376,,36224
2022-12-28 15:03:45.048000,130.16,,10567995,,
2022-12-28 15:03:45.593000,130.17,130.19,10568256,,36225
2022-12-28 15:03:46.098000,,,10568744,,
2022-12-28 15:03:46.618000,,,10568852,,36226
2022-12-28 15:03:47.139000,130.18,,10571056,,
2022-12-28 15:03:47.684000,130.19,130.21,10575260,,36227
2022-12-28 15:03:48.203000,130.2,130.22,10575824,,
2022-12-28 15:03:48.723000,130.19,130.2,10578205,,36228
2022-12-28 15:03:49.248000,130.17,130.19,10579257,,36229
2022-12-28 15:03:49.765000,130.19,130.2,10579360,,
2022-12-28 15:03:50.282000,130.17,130.18,10579793,,36230
2022-12-28 15:03:50.824000,,,10580511,,
2022-12-28 15:03:51.341000,,130.19,10580515,,36231
2022-12-28 15:03:51.846000,,130.18,10581294,,
2022-12-28 15:03:52.367000,130.18,130.19,10583751,,36232
2022-12-28 15:03:52.903000,130.17,130.18,10586254,,
2022-12-28 15:03:53.449000,130.2,130.22,10587477,,36233
2022-12-28 15:03:53.993000,130.18,130.2,10587594,,
2022-12-28 15:03:54.513000,,,10587746,,36234
2022-12-28 15:03:55.037000,130.19,130.21,10587766,,
2022-12-28 15:03:55.548000,,,10587933,,36235
2022-12-28 15:03:56.069000,130.18,130.19,10590845,,
2022-12-28 15:03:56.615000,130.17,130.18,10592202,,36236
2022-12-28 15:03:57.158000,,130.19,10592426,,
2022-12-28 15:03:57.678000,,,10592634,,36237
2022-12-28 15:03:58.207000,,130.18,10593837,,
2022-12-28 15:03:58.716000,130.18,130.19,10600189,,36238
2022-12-28 15:03:59.231000,,,10601415,,36239
2022-12-28 15:03:59.806000,,130.2,10602141,,
2022-12-28 15:04:00.314000,130.19,130.21,10602796,,36240
2022-12-28 15:04:00.872000,130.22,130.23,10606153,,
2022-12-28 15:04:01.391000,,130.24,10606365,,36241
2022-12-28 15:04:01.913000,130.23,,10606973,,
2022-12-28 15:04:02.414000,130.22,,10611300,,36242
2022-12-28 15:04:02.940000,,,10611621,,
2022-12-28 15:04:03.472000,130.23,,10612659,,36243
2022-12-28 15:04:04.008000,130.21,130.22,10615492,,
2022-12-28 15:04:04.522000,130.2,130.21,10615994,,36244
2022-12-28 15:04:05.053000,,130.22,10619144,,
2022-12-28 15:04:05.571000,,130.21,10621269,,36245
2022-12-28 15:04:06.103000,,,10621381,,
2022-12-28 15:04:06.631000,,,10621664,,36246
2022-12-28 15:04:07.150000,130.19,130.2,10621971,,
2022-12-28 15:04:07.671000,,,10622026,,36247
2022-12-28 15:04:08.219000,130.17,130.18,10622856,,
2022-12-28 15:04:08.737000,130.15,130.17,10623298,,36248
2022-12-28 15:04:09.260000,130.14,130.16,10623909,,36249
2022-12-28 15:04:09.786000,130.16,130.17,10626446,,
2022-12-28 15:04:10.325000,130.15,,10626448,,36250
2022-12-28 15:04:10.848000,130.13,130.15,10627126,,
2022-12-28 15:04:11.361000,,,10627718,,36251
2022-12-28 15:04:11.880000,,130.14,10629762,,
2022-12-28 15:04:12.385000,,130.15,10631176,,36252
2022-12-28 15:04:12.895000,130.12,130.14,10632229,,
2022-12-28 15:04:13.422000,,,10632695,,
2022-12-28 15:04:13.968000,130.15,130.16,10633990,,36253
2022-12-28 15:04:14.470000,130.16,130.17,10634483,,36254
2022-12-28 15:04:14.996000,,,10635986,,
2022-12-28 15:04:15.566000,,130.18,10635996,,36255
2022-12-28 15:04:16.103000,130.18,130.19,10636365,,
2022-12-28 15:04:16.622000,,130.2,10637411,,36256
2022-12-28 15:04:17.131000,130.19,,10638236,,
2022-12-28 15:04:17.649000,130.21,130.22,10638646,,36257
2022-12-28 15:04:18.176000,,,10639305,,
2022-12-28 15:04:18.723000,130.22,130.24,10640281,,36258
2022-12-28 15:04:19.250000,,130.23,10641674,,36259
2022-12-28 15:04:19.784000,,130.24,10641820,,
2022-12-28 15:04:20.297000,,,10642757,,36260
2022-12-28 15:04:20.823000,130.24,130.26,10644383,,
2022-12-28 15:04:21.341000,,,10645304,,36261
2022-12-28 15:04:21.863000,130.25,130.27,10647019,,
2022-12-28 15:04:22.370000,130.26,,10648496,,36262
2022-12-28 15:04:22.908000,,,10650472,,
2022-12-28 15:04:23.434000,,,10651003,,36263
2022-12-28 15:04:23.964000,130.27,130.29,10651668,,
2022-12-28 15:04:24.483000,130.26,130.28,10653579,,36264
2022-12-28 15:04:25.024000,,,10654396,,
2022-12-28 15:04:25.569000,130.27,,10654586,,36265
2022-12-28 15:04:26.091000,,130.29,10654849,,
2022-12-28 15:04:26.608000,,,10655741,,36266
2022-12-28 15:04:27.150000,,,10655848,,
2022-12-28 15:04:27.695000,,,10655899,,36267
2022-12-28 15:04:28.206000,,,10655987,,
2022-12-28 15:04:28.749000,130.28,130.3,10656457,,36268
2022-12-28 15:04:29.275000,130.27,130.29,10656643,,36269
2022-12-28 15:04:29.792000,,,10658161,,
2022-12-28 15:04:30.360000,,,10658162,,
2022-12-28 15:04:30.886000,,,10658217,,36270
2022-12-28 15:04:31.428000,,,10658247,,36271
2022-12-28 15:04:31.931000,130.28,,10658862,,
2022-12-28 15:04:32.441000,,,10658889,,36272
2022-12-28 15:04:32.987000,130.27,,10658994,,
2022-12-28 15:04:33.529000,130.28,,10659135,,36273
2022-12-28 15:04:34.031000,,,10660425,,
2022-12-28 15:04:34.547000,,,10660737,,
2022-12-28 15:04:35.092000,,,10660852,,
2022-12-28 15:04:35.608000,,,10660873,,
2022-12-28 15:04:36.154000,130.27,130.28,10663027,,36275
2022-12-28 15:04:36.694000,130.24,130.25,10670724,,36276
2022-12-28 15:04:37.220000,,,10679311,,
2022-12-28 15:04:37.761000,130.23,,10681749,,36277
2022-12-28 15:04:38.286000,130.22,130.23,10681800,,36278
2022-12-28 15:04:38.831000,130.19,130.2,10683797,,
2022-12-28 15:04:39.377000,130.22,130.24,10684246,,36279
2022-12-28 15:04:39.887000,,,10685252,,
2022-12-28 15:04:40.393000,130.23,130.25,10686633,,36280
2022-12-28 15:04:40.905000,,,10689334,,
2022-12-28 15:04:41.450000,,130.24,10690384,,36281
2022-12-28 15:04:41.975000,130.22,130.23,10690987,,
2022-12-28 15:04:42.521000,,130.24,10691016,,36282
2022-12-28 15:04:43.062000,,130.23,10691048,,
2022-12-28 15:04:43.563000,,,10691867,,36283
2022-12-28 15:04:44.083000,130.2,130.21,10692380,,
2022-12-28 15:04:44.596000,,130.22,10692620,,36284
2022-12-28 15:04:45.141000,130.21,130.23,10694807,,
2022-12-28 15:04:45.645000,,130.22,10695059,,36285
2022-12-28 15:04:46.165000,130.17,130.19,10696335,,
2022-12-28 15:04:46.669000,130.18,,10697853,,36286
2022-12-28 15:04:47.203000,130.17,,10698277,,
2022-12-28 15:04:47.715000,,130.18,10698466,,36287
2022-12-28 15:04:48.223000,130.16,130.17,10699892,,
2022-12-28 15:04:48.736000,130.18,130.19,10700210,,36288
2022-12-28 15:04:49.238000,130.17,,10701524,,
2022-12-28 15:04:49.749000,130.19,130.2,10701926,,36289
2022-12-28 15:04:50.259000,130.17,130.19,10703028,,36290
2022-12-28 15:04:50.807000,,,10703761,,
2022-12-28 15:04:51.334000,,,10703879,,36291
2022-12-28 15:04:51.871000,130.19,130.2,10704321,,
2022-12-28 15:04:52.434000,130.2,130.21,10705036,,36292
2022-12-28 15:04:52.949000,130.19,,10705138,,
2022-12-28 15:04:53.469000,,,10705142,,36293
2022-12-28 15:04:54.018000,130.18,130.2,10705643,,
2022-12-28 15:04:54.537000,130.19,130.21,10705644,,36294
2022-12-28 15:04:55.080000,130.18,130.2,10705645,,
2022-12-28 15:04:55.626000,,,10705764,,36295
2022-12-28 15:04:56.173000,130.2,130.21,10705777,,
2022-12-28 15:04:56.692000,,,10706147,,
2022-12-28 15:04:57.203000,130.18,130.19,10706919,,36296
2022-12-28 15:04:57.747000,130.19,130.2,10707043,,36297
2022-12-28 15:04:58.269000,,130.21,10708469,,36298
2022-12-28 15:04:58.815000,,,10709124,,
2022-12-28 15:04:59.317000,130.2,,10709143,,36299
2022-12-28 15:04:59.859000,,,10709171,,
2022-12-28 15:05:00.391000,,,10709364,,
2022-12-28 15:05:00.913000,,,10709393,,36300
2022-12-28 15:05:01.439000,,,10711318,,36301
2022-12-28 15:05:01.978000,130.21,130.23,10711453,,
2022-12-28 15:05:02.524000,,130.22,10712335,,36302
2022-12-28 15:05:03.065000,130.2,,10712451,,
2022-12-28 15:05:03.589000,130.21,,10712513,,36303
2022-12-28 15:05:04.113000,130.22,130.24,10712979,,
2022-12-28 15:05:04.659000,130.24,130.25,10713430,,36304
2022-12-28 15:05:05.172000,,,10714266,,
2022-12-28 15:05:05.697000,,,10715299,,36305
2022-12-28 15:05:06.224000,130.23,,10716468,,
2022-12-28 15:05:06.731000,,,10716678,,36306
2022-12-28 15:05:07.257000,130.2,130.21,10719561,,
2022-12-28 15:05:07.792000,130.21,130.22,10720035,,36307
2022-12-28 15:05:08.337000,130.2,,10721249,,36308
2022-12-28 15:05:08.862000,,,10721563,,
2022-12-28 15:05:09.399000,,130.21,10722854,,36309
2022-12-28 15:05:09.914000,,,10723209,,
2022-12-28 15:05:10.441000,130.19,130.2,10725411,,36310
2022-12-28 15:05:10.953000,130.2,130.22,10726871,,
2022-12-28 15:05:11.469000,130.21,130.23,10727372,,36311
2022-12-28 15:05:11.988000,130.24,130.26,10729344,,
2022-12-28 15:05:12.529000,130.23,130.25,10729868,,36312
2022-12-28 15:05:13.048000,,,10730891,,
2022-12-28 15:05:13.593000,130.24,130.26,10731102,,36313
2022-12-28 15:05:14.112000,130.25,,10731322,,
2022-12-28 15:05:14.654000,130.26,130.28,10731999,,36314
2022-12-28 15:05:15.159000,130.25,130.27,10732130,,
2022-12-28 15:05:15.673000,130.26,,10733134,,36315
2022-12-28 15:05:16.191000,,,10733139,,
2022-12-28 15:05:16.733000,,,10733165,,36316
2022-12-28 15:05:17.253000,130.25,130.26,10741384,,
2022-12-28 15:05:17.799000,,,10741398,,36317
2022-12-28 15:05:18.319000,,,10741511,,
2022-12-28 15:05:19.393000,130.23,130.24,10744790,,36319
2022-12-28 15:05:19.940000,,130.25,10747950,,
2022-12-28 15:05:20.453000,130.24,130.26,10748359,,36320
2022-12-28 15:05:21.000000,130.23,130.25,10748437,,
2022-12-28 15:05:21.539000,130.24,,10750590,,36321
2022-12-28 15:05:22.059000,130.21,130.22,10758129,,
2022-12-28 15:05:22.581000,130.2,130.21,10758230,,36322
2022-12-28 15:05:23.099000,,,10758334,,
2022-12-28 15:05:23.646000,130.21,130.23,10762983,,36323
2022-12-28 15:05:24.165000,,,10765259,,
2022-12-28 15:05:24.707000,130.22,,10765268,,36324
2022-12-28 15:05:25.227000,130.21,,,,
2022-12-28 15:05:25.729000,,,10765372,,36325
2022-12-28 15:05:26.275000,130.22,,10765449,,36326
2022-12-28 15:05:26.798000,,,10765802,,
2022-12-28 15:05:27.317000,130.2,130.21,10767625,,36327
2022-12-28 15:05:27.832000,130.18,130.2,10769029,,
2022-12-28 15:05:28.351000,130.16,130.18,10770381,,36328
2022-12-28 15:05:28.854000,,,10772215,,
2022-12-28 15:05:29.372000,130.15,130.16,10773415,,36329
2022-12-28 15:05:29.895000,,,10773575,,
2022-12-28 15:05:30.441000,130.16,130.18,10775631,,36330
2022-12-28 15:05:30.957000,,,10776688,,
2022-12-28 15:05:31.483000,130.19,130.2,10777413,,36331
2022-12-28 15:05:31.996000,130.21,130.22,10777752,,
2022-12-28 15:05:32.542000,,,10777971,,36332
2022-12-28 15:05:33.054000,,,10779979,,
2022-12-28 15:05:33.571000,130.25,130.26,10781146,,36333
2022-12-28 15:05:34.074000,,130.27,10781348,,
2022-12-28 15:05:34.600000,,,10781398,,36334
2022-12-28 15:05:35.111000,130.27,130.28,10781768,,
2022-12-28 15:05:35.612000,130.28,130.29,10782266,,36335
2022-12-28 15:05:36.152000,130.27,130.28,10783535,,
2022-12-28 15:05:36.669000,130.28,130.29,10783741,,36336
2022-12-28 15:05:37.191000,130.27,,10784505,,
2022-12-28 15:05:37.711000,,,10785575,,36337
2022-12-28 15:05:38.240000,,130.28,10786689,,
2022-12-28 15:05:38.758000,,,10786811,,36338
2022-12-28 15:05:39.302000,130.25,130.27,10790660,,36339
2022-12-28 15:05:39.848000,130.26,130.28,10791169,,
2022-12-28 15:05:40.352000,,130.27,10791271,,36340
2022-12-28 15:05:40.884000,130.25,,10791534,,
2022-12-28 15:05:41.410000,130.28,130.29,10791986,,36341
2022-12-28 15:05:41.923000,,,10794131,,
2022-12-28 15:05:42.470000,130.26,130.28,10797656,,36342
2022-12-28 15:05:43.011000,,130.27,10797771,,
2022-12-28 15:05:43.530000,130.27,130.29,10798846,,36343
2022-12-28 15:05:44.035000,,,10800046,,
2022-12-28 15:05:44.561000,130.28,,10800053,,36344
2022-12-28 15:05:45.097000,,,10800375,,36345
2022-12-28 15:05:45.602000,,,10800580,,
2022-12-28 15:05:46.137000,130.26,130.27,10801205,,
2022-12-28 15:05:46.684000,130.23,130.25,10802611,,36346
2022-12-28 15:05:47.197000,130.25,130.27,10804050,,
2022-12-28 15:05:47.742000,130.23,130.25,10805153,,36347
2022-12-28 15:05:48.246000,130.18,130.2,10821174,,36348
2022-12-28 15:05:48.792000,130.2,130.21,10821391,,
2022-12-28 15:05:49.336000,130.21,130.22,10823527,,36349
2022-12-28 15:05:49.883000,130.2,,10825545,,
2022-12-28 15:05:50.384000,130.19,130.21,10825746,,36350
2022-12-28 15:05:50.903000,130.2,,10825877,,
2022-12-28 15:05:51.444000,,,10826004,,36351
2022-12-28 15:05:51.945000,,,10826047,,
2022-12-28 15:05:52.483000,130.16,130.18,10826737,,36352
2022-12-28 15:05:52.990000,130.17,,10827012,,
2022-12-28 15:05:53.550000,130.18,130.2,10829112,,36353
2022-12-28 15:05:54.059000,130.19,130.21,10829328,,
2022-12-28 15:05:54.565000,,,10829531,,36354
2022-12-28 15:05:55.111000,130.18,130.2,10829542,,
2022-12-28 15:05:55.623000,,130.19,,,36355
2022-12-28 15:05:56.131000,,,10829655,,
2022-12-28 15:05:56.643000,,,10829886,,36356
2022-12-28 15:05:57.168000,130.16,130.17,10830637,,
2022-12-28 15:05:57.682000,130.13,130.15,10832972,,36357
2022-12-28 15:05:58.227000,130.14,,10834104,,
2022-12-28 15:05:58.746000,130.13,,10834904,,36358
2022-12-28 15:05:59.265000,130.16,130.17,10836732,,
2022-12-28 15:05:59.812000,,130.18,10837851,,36359
2022-12-28 15:06:00.332000,130.17,130.19,10838169,,36360
2022-12-28 15:06:00.870000,130.16,130.17,10838673,,
2022-12-28 15:06:01.393000,130.15,130.16,10839113,,36361
2022-12-28 15:06:01.937000,130.11,130.12,10840070,,
2022-12-28 15:06:02.457000,130.09,130.11,10841866,,36362
2022-12-28 15:06:02.996000,,,10845158,,
2022-12-28 15:06:03.518000,130.07,130.08,10848163,,36363
2022-12-28 15:06:04.020000,130.06,130.07,10849575,,
2022-12-28 15:06:04.540000,130.07,130.09,10852524,,36364
2022-12-28 15:06:05.056000,130.11,130.13,10854149,,
2022-12-28 15:06:05.575000,,,10854802,,36365
2022-12-28 15:06:06.097000,,,10855305,,
2022-12-28 15:06:06.615000,130.13,130.14,10856898,,36366
2022-12-28 15:06:07.135000,,,10856949,,36367
2022-12-28 15:06:07.674000,,,10857003,,
2022-12-28 15:06:08.219000,130.15,130.16,10858262,,
2022-12-28 15:06:08.763000,130.17,130.18,10859991,,36368
2022-12-28 15:06:09.274000,130.15,130.16,10861087,,
2022-12-28 15:06:09.791000,,130.17,10861409,,36369
2022-12-28 15:06:10.292000,130.14,130.16,10862450,,36370
2022-12-28 15:06:10.811000,,,10863492,,
2022-12-28 15:06:11.348000,130.16,130.17,10863693,,36371
2022-12-28 15:06:11.868000,130.14,130.16,10863874,,
2022-12-28 15:06:12.416000,130.18,130.2,10864069,,36372
2022-12-28 15:06:12.934000,130.17,130.19,10864080,,
2022-12-28 15:06:13.454000,130.18,,10864288,,36373
2022-12-28 15:06:13.980000,130.16,130.17,10864851,,
2022-12-28 15:06:14.521000,,130.18,10864856,,36374
2022-12-28 15:06:15.041000,,,10866263,,
2022-12-28 15:06:15.556000,130.18,130.19,10869213,,36375
2022-12-28 15:06:16.102000,130.2,130.21,10869326,,
2022-12-28 15:06:16.648000,,,10870168,,36376
2022-12-28 15:06:17.168000,130.23,130.25,10871553,,36377
2022-12-28 15:06:17.712000,,,10872328,,
2022-12-28 15:06:18.239000,130.22,130.24,10872939,,
2022-12-28 15:06:18.759000,130.23,,10873392,,36378
2022-12-28 15:06:19.300000,,,10873836,,36379
2022-12-28 15:06:19.820000,130.22,130.23,10876247,,
2022-12-28 15:06:20.324000,130.23,130.24,10876404,,36380
2022-12-28 15:06:20.843000,130.25,130.26,10878968,,
2022-12-28 15:06:21.364000,130.24,,10879207,,36381
2022-12-28 15:06:21.910000,130.26,130.27,10880859,,
2022-12-28 15:06:22.412000,130.25,,10880961,,36382
2022-12-28 15:06:22.939000,,130.26,10883493,,
2022-12-28 15:06:23.455000,130.27,130.28,10885058,,36383
2022-12-28 15:06:23.975000,,130.29,10885493,,
2022-12-28 15:06:24.520000,,,10888520,,36384
2022-12-28 15:06:25.047000,,,10888925,,
2022-12-28 15:06:25.559000,,,10889231,,36385
2022-12-28 15:06:26.103000,,130.28,10890001,,
2022-12-28 15:06:26.623000,,,10890187,,36386
2022-12-28 15:06:27.142000,,,10891612,,
2022-12-28 15:06:27.648000,,,10892673,,36387
2022-12-28 15:06:28.168000,130.3,130.32,10896810,,36388
2022-12-28 15:06:28.714000,130.32,130.33,10898298,,
2022-12-28 15:06:29.215000,,130.34,10899100,,
2022-12-28 15:06:29.734000,130.31,130.32,10899914,,36389
2022-12-28 15:06:30.266000,130.3,130.31,10904592,,
2022-12-28 15:06:30.813000,130.32,130.33,10907663,,36390
2022-12-28 15:06:31.354000,,,10908019,,36391
2022-12-28 15:06:31.873000,130.31,130.32,10910441,,
2022-12-28 15:06:32.388000,130.3,,10913653,,36392
2022-12-28 15:06:32.908000,130.33,130.34,10913728,,
2022-12-28 15:06:33.454000,130.32,130.33,10915320,,36393
2022-12-28 15:06:33.974000,,130.34,10919602,,
2022-12-28 15:06:34.514000,130.34,130.35,10920550,,36394
2022-12-28 15:06:35.034000,,,10921918,,
2022-12-28 15:06:35.572000,130.33,130.34,10922658,,36395
2022-12-28 15:06:36.116000,130.32,130.33,10923302,,
2022-12-28 15:06:36.660000,130.29,130.3,10934297,,36396
2022-12-28 15:06:37.227000,,130.31,10934771,,36397
2022-12-28 15:06:37.748000,130.32,130.33,10937659,,
2022-12-28 15:06:38.293000,130.31,,10940227,,36398
2022-12-28 15:06:38.840000,,,10940235,,
2022-12-28 15:06:39.381000,,130.32,10942154,,36399
2022-12-28 15:06:39.928000,130.32,130.33,10942492,,
2022-12-28 15:06:40.468000,130.33,130.34,10943650,,36400
2022-12-28 15:06:40.969000,130.35,130.36,10944934,,
2022-12-28 15:06:41.480000,130.33,130.34,10944984,,36401
2022-12-28 15:06:42.005000,130.32,,10945327,,
2022-12-28 15:06:42.524000,,,10945685,,36402
2022-12-28 15:06:43.030000,130.31,130.32,10947214,,
2022-12-28 15:06:43.558000,130.29,130.3,10950280,,36403
2022-12-28 15:06:44.065000,130.3,130.31,10951819,,36404
2022-12-28 15:06:44.590000,130.32,130.34,10952735,,
2022-12-28 15:06:45.096000,130.31,130.32,10952968,,36405
2022-12-28 15:06:45.642000,130.3,130.31,10953103,,
2022-12-28 15:06:46.167000,130.31,130.33,10954136,,36406
2022-12-28 15:06:46.669000,130.32,130.34,10954951,,
2022-12-28 15:06:47.214000,,130.33,10956328,,36407
2022-12-28 15:06:47.736000,,130.34,10956829,,
2022-12-28 15:06:48.282000,130.33,130.35,10957472,,
2022-12-28 15:06:48.815000,,,10958802,,36408
2022-12-28 15:06:49.349000,,130.34,10959009,,36409
2022-12-28 15:06:49.896000,,130.35,10961263,,
2022-12-28 15:06:50.439000,,,10961378,,36410
2022-12-28 15:06:50.984000,,130.34,10961384,,
2022-12-28 15:06:51.498000,,,10962010,,36411
2022-12-28 15:06:52.045000,130.34,130.36,10963182,,
2022-12-28 15:06:52.571000,130.33,130.35,10963546,,36412
2022-12-28 15:06:53.111000,130.35,130.36,10966093,,
2022-12-28 15:06:53.658000,130.32,130.33,10972117,,36413
2022-12-28 15:06:54.203000,130.33,130.34,10973720,,36414
2022-12-28 15:06:54.748000,130.32,130.33,10973721,,
2022-12-28 15:06:55.287000,130.28,130.29,10976457,,36415
2022-12-28 15:06:55.799000,130.29,130.3,10978761,,
2022-12-28 15:06:56.342000,,,10980226,,36416
2022-12-28 15:06:56.882000,130.28,130.29,10980907,,
2022-12-28 15:06:57.390000,130.29,130.3,10981259,,36417
2022-12-28 15:06:57.918000,,,10982301,,
2022-12-28 15:06:58.438000,,130.31,10982692,,36418
2022-12-28 15:06:58.953000,130.27,130.28,10984117,,
2022-12-28 15:06:59.480000,130.26,,10984522,,36419
2022-12-28 15:07:00.015000,,130.27,10984845,,
2022-12-28 15:07:00.522000,130.27,130.29,10985277,,36420
2022-12-28 15:07:01.051000,130.28,130.3,10985932,,36421
2022-12-28 15:07:01.563000,130.29,,10987186,,
2022-12-28 15:07:02.092000,,,10987189,,
2022-12-28 15:07:02.612000,130.3,130.31,10987779,,36422
2022-12-28 15:07:03.139000,130.31,130.33,10988649,,36423
2022-12-28 15:07:03.682000,130.32,130.34,10989452,,
2022-12-28 15:07:04.195000,,,10989583,,
2022-12-28 15:07:04.703000,130.33,130.35,10990323,,36424
2022-12-28 15:07:05.230000,130.34,,10990444,,36425
2022-12-28 15:07:05.764000,130.37,130.38,10994459,,
2022-12-28 15:07:06.289000,130.38,130.39,10995832,,
2022-12-28 15:07:06.804000,130.36,130.38,10996988,,36426
2022-12-28 15:07:07.332000,130.34,130.36,11008830,,36427
2022-12-28 15:07:07.864000,,130.35,11008963,,
2022-12-28 15:07:08.384000,,,11009066,,36428
2022-12-28 15:07:08.891000,130.3,130.31,11009934,,
2022-12-28 15:07:09.420000,,,11010887,,36429
2022-12-28 15:07:09.941000,,,11011459,,
2022-12-28 15:07:10.449000,130.27,130.28,11015905,,36430
2022-12-28 15:07:10.984000,130.25,130.27,11016159,,
2022-12-28 15:07:11.513000,130.24,130.25,11018379,,36431
2022-12-28 15:07:12.058000,130.27,130.29,11020655,,36432
2022-12-28 15:07:12.573000,130.28,,11020686,,
2022-12-28 15:07:13.092000,130.29,130.31,11020796,,
2022-12-28 15:07:13.639000,130.28,130.3,11021146,,36433
2022-12-28 15:07:14.146000,,,11021505,,
2022-12-28 15:07:14.654000,130.27,130.28,11024338,,36434
2022-12-28 15:07:15.186000,,130.29,11024387,,36435
2022-12-28 15:07:15.727000,130.29,130.3,11025101,,
2022-12-28 15:07:16.253000,,130.31,11025769,,36436
2022-12-28 15:07:16.754000,,,11025780,,
2022-12-28 15:07:17.266000,,,11025884,,36437
2022-12-28 15:07:17.813000,130.28,130.29,11027529,,
2022-12-28 15:07:18.328000,130.29,130.31,11028354,,36438
2022-12-28 15:07:18.848000,130.3,,11032373,,
2022-12-28 15:07:19.368000,130.28,130.3,11032759,,36439
2022-12-28 15:07:19.896000,130.29,,11037664,,
2022-12-28 15:07:20.425000,,,11038027,,36440
2022-12-28 15:07:20.931000,130.3,130.31,11038064,,
2022-12-28 15:07:21.483000,,,11038065,,36441
2022-12-28 15:07:22.029000,130.31,130.32,11038178,,
2022-12-28 15:07:22.573000,,,11038575,,36442
2022-12-28 15:07:23.094000,130.3,,11041566,,36443
2022-12-28 15:07:23.613000,,,11041931,,
2022-12-28 15:07:24.134000,130.32,130.33,11042265,,36444
2022-12-28 15:07:24.673000,,130.34,11042510,,
2022-12-28 15:07:25.195000,,130.33,11042754,,
2022-12-28 15:07:25.733000,130.3,130.32,11047778,,36445
2022-12-28 15:07:26.237000,130.31,130.33,11048953,,36446
2022-12-28 15:07:26.776000,130.33,130.34,11049464,,
2022-12-28 15:07:27.296000,130.32,130.33,11049490,,36447
2022-12-28 15:07:27.845000,,,11050366,,
2022-12-28 15:07:28.366000,,,11051067,,36448
2022-12-28 15:07:28.886000,130.34,130.35,11052252,,
2022-12-28 15:07:29.433000,130.33,,,,36449
2022-12-28 15:07:29.976000,130.34,,11052253,,
2022-12-28 15:07:30.502000,130.35,130.37,11053188,,36450
2022-12-28 15:07:31.043000,,,11053407,,
2022-12-28 15:07:31.563000,130.38,130.39,11056563,,36451
2022-12-28 15:07:32.104000,130.37,,11056783,,36452
2022-12-28 15:07:32.650000,130.36,130.37,11057255,,
2022-12-28 15:07:33.184000,,130.38,11058963,,
2022-12-28 15:07:33.703000,130.37,130.39,11058971,,36453
2022-12-28 15:07:34.247000,130.38,,11059504,,36454
2022-12-28 15:07:34.798000,130.36,130.38,11060634,,
2022-12-28 15:07:35.345000,130.37,,11061798,,36455
2022-12-28 15:07:35.860000,130.38,130.39,11062280,,
2022-12-28 15:07:36.363000,130.39,130.4,11062859,,36456
2022-12-28 15:07:36.879000,,,11065733,,
2022-12-28 15:07:37.380000,130.38,,11065846,,36457
2022-12-28 15:07:37.892000,,,11068406,,
2022-12-28 15:07:38.413000,130.37,130.39,11068506,,36458
2022-12-28 15:07:38.917000,,130.38,11072606,,
2022-12-28 15:07:39.438000,130.34,130.35,11075012,,36459
2022-12-28 15:07:39.942000,,,11075508,,
2022-12-28 15:07:40.464000,,,11076050,,36460
2022-12-28 15:07:41.003000,130.32,130.33,11077456,,
2022-12-28 15:07:41.520000,130.33,130.34,11078521,,36461
2022-12-28 15:07:42.040000,130.32,130.33,11078886,,
2022-12-28 15:07:42.578000,130.31,,11079112,,36462
2022-12-28 15:07:43.125000,130.32,,11079402,,36463
2022-12-28 15:07:43.646000,130.34,130.35,11079504,,
2022-12-28 15:07:44.165000,,,11080778,,36464
2022-12-28 15:07:44.706000,,,11081480,,
2022-12-28 15:07:45.253000,130.33,130.34,11081708,,36465
2022-12-28 15:07:45.798000,,130.35,11082410,,
2022-12-28 15:07:46.316000,,,11085380,,36466
2022-12-28 15:07:46.839000,,,11089394,,
2022-12-28 15:07:47.367000,130.34,,11089706,,36467
2022-12-28 15:07:47.896000,130.33,,11089912,,
2022-12-28 15:07:48.398000,,,11090018,,36468
2022-12-28 15:07:48.917000,,130.34,11090031,,
2022-12-28 15:07:49.443000,,,11090679,,36469
2022-12-28 15:07:49.965000,130.32,130.33,11092177,,
2022-12-28 15:07:50.497000,130.3,130.32,11093512,,36470
2022-12-28 15:07:51.060000,,130.31,11094616,,
2022-12-28 15:07:51.583000,,,11101395,,36471
2022-12-28 15:07:52.113000,130.27,130.28,11103143,,36472
2022-12-28 15:07:52.657000,,,11105081,,
2022-12-28 15:07:53.190000,,,11105855,,36473
2022-12-28 15:07:53.703000,130.29,130.3,11107108,,
2022-12-28 15:07:54.237000,,,11107543,,36474
2022-12-28 15:07:54.785000,130.3,130.31,11111996,,
2022-12-28 15:07:55.368000,,,11113636,,36475
2022-12-28 15:07:55.870000,130.29,130.3,11113963,,
2022-12-28 15:07:56.430000,130.28,,11114066,,36476
2022-12-28 15:07:56.966000,130.25,130.26,11120204,,
2022-12-28 15:07:57.516000,130.21,130.23,11123744,,36477
2022-12-28 15:07:58.045000,130.23,130.24,11123848,,
2022-12-28 15:07:58.582000,130.25,130.26,11125663,,36478
2022-12-28 15:07:59.097000,130.24,,11125687,,
2022-12-28 15:07:59.622000,,,11126843,,36479
2022-12-28 15:08:00.154000,,130.25,11129905,,
2022-12-28 15:08:00.683000,130.25,130.26,11132060,,36480
2022-12-28 15:08:01.229000,130.24,130.25,11132172,,36481
2022-12-28 15:08:01.730000,130.25,130.27,11133144,,
2022-12-28 15:08:02.249000,130.24,130.25,11134878,,36482
2022-12-28 15:08:02.790000,,130.26,11135647,,
2022-12-28 15:08:03.317000,,130.25,11136074,,36483
2022-12-28 15:08:03.849000,130.25,130.26,11136112,,
2022-12-28 15:08:04.375000,,,11136770,,36484
2022-12-28 15:08:04.890000,130.28,130.29,11137372,,
2022-12-28 15:08:05.416000,130.29,130.3,11137545,,36485
2022-12-28 15:08:05.930000,130.27,130.29,11137911,,
2022-12-28 15:08:06.478000,130.29,130.3,11138053,,36486
2022-12-28 15:08:07.017000,,,11140003,,
2022-12-28 15:08:07.545000,,130.31,11140249,,36487
2022-12-28 15:08:08.084000,,130.3,11140353,,36488
2022-12-28 15:08:08.585000,130.3,130.32,11144058,,
2022-12-28 15:08:09.105000,,130.31,11144896,,36489
2022-12-28 15:08:09.625000,,,11145152,,
2022-12-28 15:08:10.166000,,130.32,11146971,,
2022-12-28 15:08:10.685000,130.29,130.3,11147564,,36490
2022-12-28 15:08:11.187000,,130.31,11147668,,36491
2022-12-28 15:08:11.709000,,,11147829,,
2022-12-28 15:08:12.228000,,130.3,11147836,,36492
2022-12-28 15:08:12.747000,,,11147853,,
2022-12-28 15:08:13.285000,130.32,130.33,11148053,,36493
2022-12-28 15:08:13.823000,130.31,,11148123,,
2022-12-28 15:08:14.342000,130.33,130.34,11150050,,36494
2022-12-28 15:08:14.883000,130.31,130.33,11150097,,
2022-12-28 15:08:15.410000,,130.32,11150850,,36495
2022-12-28 15:08:15.925000,130.32,130.33,11151308,,
2022-12-28 15:08:16.471000,130.31,130.32,11151437,,36496
2022-12-28 15:08:16.991000,,,11151648,,
2022-12-28 15:08:17.503000,130.29,130.3,11153454,,36497
2022-12-28 15:08:18.022000,130.28,130.29,11155161,,
2022-12-28 15:08:18.567000,,,11155363,,36498
2022-12-28 15:08:19.130000,,,11155476,,
2022-12-28 15:08:19.633000,,,11155679,,36499
2022-12-28 15:08:20.168000,130.29,130.3,11156254,,36500
2022-12-28 15:08:20.697000,130.32,130.33,11157441,,
2022-12-28 15:08:21.209000,130.3,130.32,11159678,,36501
2022-12-28 15:08:21.711000,130.32,130.33,11160980,,
2022-12-28 15:08:22.246000,,130.34,11160984,,36502
2022-12-28 15:08:22.785000,130.3,130.32,11161976,,
2022-12-28 15:08:23.305000,130.32,130.33,11162318,,36503
2022-12-28 15:08:23.823000,130.34,130.35,11162684,,
2022-12-28 15:08:24.326000,130.32,130.33,11163193,,36504
2022-12-28 15:08:24.846000,130.33,130.34,11163501,,
2022-12-28 15:08:25.349000,,130.35,11164139,,36505
2022-12-28 15:08:25.876000,130.34,,11166623,,
2022-12-28 15:08:26.401000,130.37,130.39,11169426,,36506
2022-12-28 15:08:26.919000,,,11169665,,
2022-12-28 15:08:27.439000,,,11170542,,36507
2022-12-28 15:08:27.957000,,,11172148,,
2022-12-28 15:08:28.476000,130.35,130.37,11173322,,36508
2022-12-28 15:08:28.997000,130.36,,11173424,,
2022-12-28 15:08:29.517000,,130.38,11177459,,36509
2022-12-28 15:08:30.035000,,,11177736,,
2022-12-28 15:08:30.581000,,,11178242,,36510
2022-12-28 15:08:31.122000,,,11178243,,36511
2022-12-28 15:08:31.623000,130.33,130.34,11182042,,
2022-12-28 15:08:32.161000,,130.35,11182098,,36512
2022-12-28 15:08:32.681000,,130.34,11182209,,
2022-12-28 15:08:33.201000,130.34,130.36,11182310,,36513
2022-12-28 15:08:33.707000,130.3,130.31,11184108,,
2022-12-28 15:08:34.219000,,,11184143,,
2022-12-28 15:08:34.725000,130.26,130.27,11189967,,36514
2022-12-28 15:08:35.236000,,130.28,11191210,,
2022-12-28 15:08:35.758000,130.28,130.29,11191947,,36515
2022-12-28 15:08:36.297000,,,11191992,,
2022-12-28 15:08:36.830000,,,11192170,,36516
2022-12-28 15:08:37.338000,130.27,130.28,11193742,,36517
2022-12-28 15:08:37.863000,130.25,130.26,11193986,,
2022-12-28 15:08:38.369000,,,11194134,,36518
2022-12-28 15:08:38.902000,,,11194409,,
2022-12-28 15:08:39.418000,,130.27,11195193,,36519
2022-12-28 15:08:39.923000,,,11196302,,
2022-12-28 15:08:40.439000,130.23,130.24,11197572,,36520
2022-12-28 15:08:40.966000,130.24,130.26,11197738,,
2022-12-28 15:08:41.479000,,,11197746,,36521
2022-12-28 15:08:41.985000,,130.25,11198760,,
2022-12-28 15:08:42.500000,130.23,130.24,11200075,,36522
2022-12-28 15:08:43.038000,,130.25,11200633,,
2022-12-28 15:08:43.585000,130.24,,11200639,,36523
2022-12-28 15:08:44.127000,,,11200703,,36524
2022-12-28 15:08:44.633000,130.23,130.24,11203725,,
2022-12-28 15:08:45.166000,,,11203831,,36525
2022-12-28 15:08:45.713000,130.22,,11204647,,
2022-12-28 15:08:46.229000,130.23,,11204865,,36526
2022-12-28 15:08:46.776000,130.22,130.23,11205466,,
2022-12-28 15:08:47.317000,130.23,130.24,11209834,,36527
2022-12-28 15:08:47.823000,130.24,130.25,11212089,,
2022-12-28 15:08:48.356000,,,11212561,,36528
2022-12-28 15:08:48.861000,130.23,,11212570,,
2022-12-28 15:08:49.404000,130.24,,11212697,,36529
2022-12-28 15:08:49.930000,130.23,130.24,11213061,,
2022-12-28 15:08:50.435000,,,11214157,,36530
2022-12-28 15:08:50.982000,130.24,130.25,11215176,,
2022-12-28 15:08:51.504000,,,11218280,,36531
2022-12-28 15:08:52.049000,,130.26,11218725,,
2022-12-28 15:08:52.565000,,,11218895,,36532
2022-12-28 15:08:53.112000,130.22,130.23,11220651,,36533
2022-12-28 15:08:53.652000,130.21,,11221886,,
2022-12-28 15:08:54.199000,,,11222588,,
2022-12-28 15:08:54.737000,130.2,130.22,11223921,,36534
2022-12-28 15:08:55.251000,,,11224871,,36535
2022-12-28 15:08:55.782000,130.21,,11226363,,
2022-12-28 15:08:56.289000,130.2,130.21,11226882,,36536
2022-12-28 15:08:56.816000,,130.22,11226967,,
2022-12-28 15:08:57.336000,,,11226972,,36537
2022-12-28 15:08:57.845000,,,11227179,,
2022-12-28 15:08:58.372000,,130.21,11228299,,36538
2022-12-28 15:08:58.904000,,,11228334,,
2022-12-28 15:08:59.412000,,,11228860,,36539
2022-12-28 15:08:59.947000,,130.22,11228867,,
2022-12-28 15:09:00.454000,,,11230198,,36540
2022-12-28 15:09:00.962000,130.19,130.2,11237569,,
2022-12-28 15:09:01.463000,130.18,130.19,11238725,,36541
2022-12-28 15:09:01.983000,130.19,130.2,11239005,,
2022-12-28 15:09:02.515000,130.2,130.22,11239330,,36542
2022-12-28 15:09:03.048000,130.19,130.21,11239833,,
2022-12-28 15:09:03.554000,130.21,130.22,11239966,,36543
2022-12-28 15:09:04.059000,,130.23,11245258,,
2022-12-28 15:09:04.596000,130.22,,11245460,,36544
2022-12-28 15:09:05.123000,130.23,130.25,11248260,,36545
2022-12-28 15:09:05.638000,,,11248279,,
2022-12-28 15:09:06.158000,130.24,130.26,11250267,,36546
2022-12-28 15:09:06.676000,130.23,130.25,11250984,,
2022-12-28 15:09:07.224000,130.21,130.23,11255327,,36547
2022-12-28 15:09:07.745000,,,11256329,,
2022-12-28 15:09:08.253000,130.2,130.22,11256386,,36548
2022-12-28 15:09:08.775000,,130.21,11258087,,
2022-12-28 15:09:09.290000,130.18,130.2,11259103,,36549
2022-12-28 15:09:09.816000,,130.19,11259710,,
2022-12-28 15:09:10.321000,130.15,130.16,11262105,,36550
2022-12-28 15:09:10.838000,130.16,130.17,11262454,,
2022-12-28 15:09:11.342000,,,11262478,,36551
2022-12-28 15:09:11.868000,130.17,130.18,11262906,,
2022-12-28 15:09:12.411000,130.16,130.17,11265890,,36552
2022-12-28 15:09:12.946000,130.15,130.16,11266010,,
2022-12-28 15:09:13.451000,,,11266041,,36553
2022-12-28 15:09:13.999000,,,11269557,,
2022-12-28 15:09:14.531000,130.14,130.15,11269779,,36554
2022-12-28 15:09:15.057000,130.13,130.14,11273287,,
2022-12-28 15:09:15.579000,130.1,130.11,11275853,,36555
2022-12-28 15:09:16.085000,130.11,130.13,11276503,,
2022-12-28 15:09:16.606000,130.12,130.14,11276807,,36556
2022-12-28 15:09:17.144000,,,11280721,,36557
2022-12-28 15:09:17.672000,,,11281271,,
2022-12-28 15:09:18.187000,,,11283880,,36558
2022-12-28 15:09:18.715000,,,11283883,,
2022-12-28 15:09:19.246000,,130.13,11284405,,36559
2022-12-28 15:09:19.793000,,,11284819,,
2022-12-28 15:09:20.331000,130.11,130.12,11286333,,36560
2022-12-28 15:09:20.877000,130.08,130.1,11288108,,
2022-12-28 15:09:21.379000,130.1,130.12,11288111,,36561
2022-12-28 15:09:21.893000,130.06,130.08,11289978,,
2022-12-28 15:09:22.438000,,,11291189,,36562
2022-12-28 15:09:22.965000,130.07,,11292190,,
2022-12-28 15:09:23.512000,,130.09,11292243,,36563
2022-12-28 15:09:24.054000,,,11292766,,
2022-12-28 15:09:24.569000,,130.08,11293222,,36564
2022-12-28 15:09:25.095000,,,11293226,,
2022-12-28 15:09:25.602000,130.06,,11297004,,36565
2022-12-28 15:09:26.118000,130.08,130.09,11297628,,
2022-12-28 15:09:26.702000,130.07,130.08,11298636,,36566
2022-12-28 15:09:27.247000,,130.09,11299438,,36567
2022-12-28 15:09:27.788000,130.09,130.1,11299998,,
2022-12-28 15:09:28.308000,130.1,130.12,11300355,,36568
2022-12-28 15:09:28.829000,130.09,130.11,11301134,,
2022-12-28 15:09:29.345000,130.1,,11301360,,36569
2022-12-28 15:09:29.889000,130.09,130.1,11302446,,
2022-12-28 15:09:30.432000,130.1,130.12,11303701,,36570
2022-12-28 15:09:30.979000,,,11304357,,
2022-12-28 15:09:31.514000,130.11,130.13,11307246,,36571
2022-12-28 15:09:32.025000,130.13,130.15,11309488,,
2022-12-28 15:09:32.551000,,130.14,11309921,,36572
2022-12-28 15:09:33.060000,130.15,130.16,11311308,,
2022-12-28 15:09:33.586000,,130.17,11315596,,36573
2022-12-28 15:09:34.101000,130.16,130.18,11315744,,
2022-12-28 15:09:34.608000,,,11316421,,36574
2022-12-28 15:09:35.139000,,130.17,11317527,,
2022-12-28 15:09:35.686000,130.14,130.15,11318895,,36575
2022-12-28 15:09:36.225000,,130.16,11319295,,36576
2022-12-28 15:09:36.730000,130.15,130.17,11319402,,
2022-12-28 15:09:37.243000,,130.16,11320446,,36577
2022-12-28 15:09:37.769000,,,11320448,,
2022-12-28 15:09:38.282000,130.14,130.15,11320501,,36578
2022-12-28 15:09:38.829000,130.13,130.14,11322075,,
2022-12-28 15:09:39.333000,,130.15,11322088,,36579
2022-12-28 15:09:39.853000,130.1,130.12,11323491,,
2022-12-28 15:09:40.366000,130.12,130.13,11324217,,36580
2022-12-28 15:09:40.885000,130.11,,11324602,,
2022-12-28 15:09:41.404000,,130.12,11325020,,36581
2022-12-28 15:09:41.932000,130.08,130.1,11326166,,
2022-12-28 15:09:42.456000,130.07,130.09,11327279,,36582
2022-12-28 15:09:42.973000,130.09,130.1,11332977,,
2022-12-28 15:09:43.562000,130.08,,11333217,,36583
2022-12-28 15:09:44.071000,130.09,,11333812,,
2022-12-28 15:09:44.637000,,,11333860,,36584
2022-12-28 15:09:45.183000,130.08,130.09,11334824,,36585
2022-12-28 15:09:45.698000,,130.1,11335327,,
2022-12-28 15:09:46.224000,,,11335580,,36586
2022-12-28 15:09:46.765000,,,11335682,,
2022-12-28 15:09:47.271000,,130.09,11337103,,36587
2022-12-28 15:09:47.804000,,,11337607,,
2022-12-28 15:09:48.312000,130.07,130.08,11339650,,36588
2022-12-28 15:09:48.839000,,,11339651,,
2022-12-28 15:09:49.362000,,,11341463,,36589
2022-12-28 15:09:49.890000,130.09,130.1,11341579,,
2022-12-28 15:09:50.396000,,,11342637,,36590
2022-12-28 15:09:50.897000,,,11342840,,
2022-12-28 15:09:51.485000,130.07,130.08,11343349,,36591
2022-12-28 15:09:52.007000,,,11343351,,
2022-12-28 15:09:52.551000,,,11343612,,36592
2022-12-28 15:09:53.071000,,,11343615,,
2022-12-28 15:09:53.611000,130.06,130.07,11343928,,36593
2022-12-28 15:09:54.159000,,130.08,11344607,,
2022-12-28 15:09:54.700000,,,11345116,,36594
2022-12-28 15:09:55.214000,130.08,130.09,11345668,,36595
2022-12-28 15:09:55.752000,130.09,130.1,11346322,,
2022-12-28 15:09:56.292000,,,11347583,,36596
2022-12-28 15:09:56.797000,,,11347764,,
2022-12-28 15:09:57.323000,,,11349764,,36597
2022-12-28 15:09:57.830000,130.08,,11351484,,
2022-12-28 15:09:58.347000,130.1,130.11,11351716,,
2022-12-28 15:09:58.877000,130.11,130.12,11352178,,36598
2022-12-28 15:09:59.399000,130.12,130.13,11353335,,36599
2022-12-28 15:09:59.931000,130.11,,11353913,,
2022-12-28 15:10:00.435000,130.09,130.1,11354625,,36600
2022-12-28 15:10:00.981000,130.08,130.09,11355293,,
2022-12-28 15:10:01.537000,130.06,130.07,11356923,,36601
2022-12-28 15:10:02.058000,,130.08,11356971,,
2022-12-28 15:10:02.565000,130.04,130.05,11359904,,36602
2022-12-28 15:10:03.138000,130.02,130.03,11364744,,
2022-12-28 15:10:03.644000,130.04,130.05,11365706,,36603
2022-12-28 15:10:04.181000,130.03,,11370307,,
2022-12-28 15:10:04.718000,,130.04,11370734,,36604
2022-12-28 15:10:05.237000,130.02,130.03,11373168,,36605
2022-12-28 15:10:05.743000,130.04,130.06,11376988,,
2022-12-28 15:10:06.286000,,130.05,11377889,,36606
2022-12-28 15:10:06.831000,130.01,130.02,11381499,,
2022-12-28 15:10:07.369000,129.99,130,11447823,,36607
2022-12-28 15:10:07.896000,,,11452988,,
2022-12-28 15:10:08.443000,,,11454928,,36608
2022-12-28 15:10:08.951000,,,11457477,,
2022-12-28 15:10:09.492000,,,11461883,,36609
2022-12-28 15:10:09.997000,130.01,130.02,11463598,,
2022-12-28 15:10:10.532000,130,130.01,11464019,,36610
2022-12-28 15:10:11.079000,129.99,130,11464119,,
2022-12-28 15:10:11.601000,,,11465301,,36611
2022-12-28 15:10:12.108000,129.98,129.99,11470690,,
2022-12-28 15:10:12.618000,,130,11471554,,36612
2022-12-28 15:10:13.124000,129.95,129.97,11472861,,
2022-12-28 15:10:13.638000,,129.96,11473581,,36613
2022-12-28 15:10:14.179000,129.96,129.97,11475389,,
2022-12-28 15:10:14.683000,,,11479046,,36614
2022-12-28 15:10:15.229000,,,11480734,,
2022-12-28 15:10:15.766000,129.97,129.98,11483258,,36615
2022-12-28 15:10:16.293000,,129.99,11484463,,36616
2022-12-28 15:10:16.824000,,,11484813,,
2022-12-28 15:10:17.370000,129.98,,11485433,,36617
2022-12-28 15:10:17.891000,,130,11485474,,
2022-12-28 15:10:18.417000,130.01,130.02,11489699,,36618
2022-12-28 15:10:18.932000,,130.03,11492987,,
2022-12-28 15:10:19.478000,130.02,130.04,11496088,,36619
2022-12-28 15:10:20.026000,,130.03,11496650,,
2022-12-28 15:10:20.573000,130,130.02,11502019,,36620
2022-12-28 15:10:21.118000,129.99,130,11502921,,
2022-12-28 15:10:21.643000,,,11507471,,36621
2022-12-28 15:10:22.184000,,,11508674,,
2022-12-28 15:10:22.731000,,,11510922,,36622
2022-12-28 15:10:23.247000,130.02,130.03,11512022,,
2022-12-28 15:10:23.765000,,,11512431,,36623
2022-12-28 15:10:24.288000,,,11513490,,
2022-12-28 15:10:24.796000,129.99,130,11514149,,36624
2022-12-28 15:10:25.332000,,,11514481,,36625
2022-12-28 15:10:25.853000,,,11518683,,
2022-12-28 15:10:26.354000,130.01,130.02,11519527,,36626
2022-12-28 15:10:26.902000,130,130.01,11520657,,
2022-12-28 15:10:27.439000,,,11521981,,36627
2022-12-28 15:10:27.964000,129.99,130,11533263,,
2022-12-28 15:10:28.491000,,130.01,11533485,,36628
2022-12-28 15:10:28.997000,,130,11533613,,
2022-12-28 15:10:29.511000,,130.01,11533668,,36629
2022-12-28 15:10:30.038000,,130,11533955,,
2022-12-28 15:10:30.546000,130.01,130.02,11534955,,36630
2022-12-28 15:10:31.058000,,,11535156,,
2022-12-28 15:10:31.604000,130.02,130.04,11536115,,36631
2022-12-28 15:10:32.146000,,130.03,11536224,,
2022-12-28 15:10:32.672000,130.04,130.05,11536916,,36632
2022-12-28 15:10:33.185000,,,11544978,,
2022-12-28 15:10:33.731000,130.05,130.06,11546047,,36633
2022-12-28 15:10:34.275000,130.08,130.09,11549144,,36634
2022-12-28 15:10:34.784000,130.07,130.08,11551504,,
2022-12-28 15:10:35.298000,,,11555273,,36635
2022-12-28 15:10:35.820000,130.06,130.07,11556062,,
2022-12-28 15:10:36.326000,,,11557470,,36636
2022-12-28 15:10:36.835000,130.05,130.06,11559954,,
2022-12-28 15:10:37.340000,130.04,130.05,11560503,,36637
2022-12-28 15:10:37.875000,,,11560953,,
2022-12-28 15:10:38.395000,,,11561602,,36638
2022-12-28 15:10:38.915000,130.03,130.04,11562990,,
2022-12-28 15:10:39.460000,,,11563342,,36639
2022-12-28 15:10:39.975000,130.04,130.05,11565144,,
2022-12-28 15:10:40.501000,,,11565971,,36640
2022-12-28 15:10:41.023000,,,11566410,,
2022-12-28 15:10:41.570000,130.03,130.04,11566723,,36641
2022-12-28 15:10:42.105000,,,11566891,,
2022-12-28 15:10:42.606000,130.02,130.03,11567249,,36642
2022-12-28 15:10:43.118000,,,11567599,,
2022-12-28 15:10:43.626000,130.03,130.04,11568477,,36643
2022-12-28 15:10:44.138000,,,11568585,,36644
2022-12-28 15:10:44.652000,,,11568789,,
2022-12-28 15:10:45.198000,130.02,,11569892,,36645
2022-12-28 15:10:45.743000,,130.03,11570413,,
2022-12-28 15:10:46.282000,130.03,130.04,11570671,,36646
2022-12-28 15:10:46.809000,130.02,130.03,11570672,,
2022-12-28 15:10:47.350000,,130.04,11570717,,36647
2022-12-28 15:10:47.876000,130.03,,11570751,,
2022-12-28 15:10:48.390000,,,11572721,,36648
2022-12-28 15:10:48.937000,130.04,130.05,11573348,,
2022-12-28 15:10:49.479000,,,11574245,,36649
2022-12-28 15:10:50.013000,130.05,130.06,11576532,,
2022-12-28 15:10:50.517000,130.04,130.05,11578712,,36650
2022-12-28 15:10:51.026000,,130.06,11579236,,
2022-12-28 15:10:51.528000,130.06,130.07,11579862,,36651
2022-12-28 15:10:52.074000,130.07,130.08,11582133,,
2022-12-28 15:10:52.595000,,,11586217,,36652
2022-12-28 15:10:53.101000,130.04,130.05,11587695,,36653
2022-12-28 15:10:53.608000,,,11587799,,
2022-12-28 15:10:54.155000,130.05,130.06,11589398,,
2022-12-28 15:10:54.685000,,130.07,11589478,,36654
2022-12-28 15:10:55.213000,130.06,130.08,11590141,,
2022-12-28 15:10:55.753000,130.09,130.11,11592669,,36655
2022-12-28 15:10:56.273000,,,11593136,,36656
2022-12-28 15:10:56.815000,130.13,130.14,11598630,,
2022-12-28 15:10:57.363000,130.17,130.18,11613306,,36657
2022-12-28 15:10:57.886000,130.18,130.19,11615226,,
2022-12-28 15:10:58.406000,130.17,130.18,11615414,,36658
2022-12-28 15:10:58.947000,,130.19,11618654,,
2022-12-28 15:10:59.466000,130.16,130.17,11621837,,36659
2022-12-28 15:10:59.969000,130.15,130.16,11625352,,
2022-12-28 15:11:00.475000,130.16,130.18,11630191,,36660
2022-12-28 15:11:00.978000,,130.17,11632356,,
2022-12-28 15:11:01.504000,,,11632567,,36661
2022-12-28 15:11:02.021000,,,11632630,,
2022-12-28 15:11:02.523000,130.15,,11632945,,36662
2022-12-28 15:11:03.064000,130.13,130.14,11634390,,
2022-12-28 15:11:03.570000,130.09,130.1,11635440,,36663
2022-12-28 15:11:04.105000,130.1,130.11,11637897,,
2022-12-28 15:11:04.631000,130.12,130.13,11639105,,36664
2022-12-28 15:11:05.145000,,,11641043,,36665
2022-12-28 15:11:05.674000,,130.14,11641546,,
2022-12-28 15:11:06.212000,,130.13,11642448,,36666
2022-12-28 15:11:06.740000,130.1,130.11,11643051,,
2022-12-28 15:11:07.286000,130.09,,11643166,,
2022-12-28 15:11:07.806000,,,11643220,,36667
2022-12-28 15:11:08.339000,,130.1,11643629,,36668
2022-12-28 15:11:08.840000,,,11644144,,
2022-12-28 15:11:09.366000,130.11,130.13,11645098,,36669
2022-12-28 15:11:09.888000,130.1,130.11,11645659,,
2022-12-28 15:11:10.435000,130.13,130.15,11646424,,36670
2022-12-28 15:11:10.967000,,,11646487,,
2022-12-28 15:11:11.477000,,,11646568,,36671
2022-12-28 15:11:11.997000,130.11,130.13,11647078,,
2022-12-28 15:11:12.519000,130.1,130.11,11647439,,36672
2022-12-28 15:11:13.041000,,,11647494,,
2022-12-28 15:11:13.586000,,,11647718,,36673
2022-12-28 15:11:14.113000,,130.12,11648216,,
2022-12-28 15:11:14.650000,130.09,130.1,11649338,,36674
2022-12-28 15:11:15.169000,,,11649443,,36675
2022-12-28 15:11:15.714000,,130.11,11649857,,
2022-12-28 15:11:16.259000,130.08,130.09,11651521,,36676
2022-12-28 15:11:16.775000,130.07,130.08,11655316,,
2022-12-28 15:11:17.296000,130.08,130.1,11656328,,36677
2022-12-28 15:11:17.816000,130.07,130.09,11656729,,
2022-12-28 15:11:18.336000,,,11658153,,36678
2022-12-28 15:11:18.882000,,,11660951,,
2022-12-28 15:11:19.426000,130.05,130.07,11661484,,36679
2022-12-28 15:11:19.947000,130.04,130.06,11662274,,
2022-12-28 15:11:20.489000,,130.05,11662556,,36680
2022-12-28 15:11:21.013000,,130.06,11662914,,
2022-12-28 15:11:21.559000,130.05,,11664176,,36681
2022-12-28 15:11:22.079000,130.04,,11664177,,
2022-12-28 15:11:22.605000,130.05,,11664449,,36682
2022-12-28 15:11:23.121000,130.04,,11664661,,
2022-12-28 15:11:23.667000,130.05,,11664796,,36683
2022-12-28 15:11:24.187000,,130.07,11667009,,36684
2022-12-28 15:11:24.713000,130.04,130.06,11667637,,
2022-12-28 15:11:25.219000,,130.05,11667693,,
2022-12-28 15:11:25.731000,,130.06,11668294,,36685
2022-12-28 15:11:26.259000,130.05,,11670125,,36686
2022-12-28 15:11:26.784000,,,11673265,,
2022-12-28 15:11:27.320000,,130.07,11673396,,36687
2022-12-28 15:11:27.866000,130.06,,11674812,,
2022-12-28 15:11:28.393000,,,11674934,,36688
2022-12-28 15:11:28.920000,130.05,130.06,11675371,,
2022-12-28 15:11:29.457000,130.04,130.05,11676702,,36689
2022-12-28 15:11:29.983000,,,11677071,,
2022-12-28 15:11:30.491000,130.06,130.07,11678389,,36690
2022-12-28 15:11:31.022000,130.05,,11678667,,
2022-12-28 15:11:31.561000,130.06,,11679722,,36691
2022-12-28 15:11:32.133000,130.05,,11681240,,
2022-12-28 15:11:32.634000,,130.06,11681242,,36692
2022-12-28 15:11:33.147000,,,11681629,,
2022-12-28 15:11:33.674000,,,11682390,,36693
2022-12-28 15:11:34.187000,130.04,,11683757,,36694
2022-12-28 15:11:34.712000,,,11684543,,
2022-12-28 15:11:35.226000,,130.05,11685023,,36695
2022-12-28 15:11:35.760000,,130.06,11685031,,
2022-12-28 15:11:36.270000,130.05,,11685833,,36696
2022-12-28 15:11:36.817000,,,11686555,,
2022-12-28 15:11:37.354000,,,11686855,,36697
2022-12-28 15:11:37.877000,130.04,130.05,11687146,,
2022-12-28 15:11:38.391000,130.02,130.03,11689517,,36698
2022-12-28 15:11:38.939000,,130.04,11690093,,
2022-12-28 15:11:39.480000,130.03,,11690200,,36699
2022-12-28 15:11:39.985000,130.02,,11691612,,
2022-12-28 15:11:40.504000,,,11695592,,36700
2022-12-28 15:11:41.025000,130.03,,11695894,,
2022-12-28 15:11:41.571000,130.02,130.03,11697211,,36701
2022-12-28 15:11:42.111000,,,11697212,,
2022-12-28 15:11:42.631000,,,11697612,,36702
2022-12-28 15:11:43.173000,,,11697713,,
2022-12-28 15:11:43.693000,129.99,130,11703409,,36703
2022-12-28 15:11:44.196000,,,11708897,,36704
2022-12-28 15:11:44.715000,,,11709539,,
2022-12-28 15:11:45.232000,130,130.01,11710898,,36705
2022-12-28 15:11:45.733000,,,11711260,,
2022-12-28 15:11:46.248000,,,11711431,,36706
2022-12-28 15:11:46.775000,,,11712273,,
2022-12-28 15:11:47.314000,,,11713169,,36707
2022-12-28 15:11:47.833000,,,11715697,,
2022-12-28 15:11:48.335000,,,11716765,,36708
2022-12-28 15:11:48.836000,,,11717484,,
2022-12-28 15:11:49.356000,,,11717695,,36709
2022-12-28 15:11:49.876000,,,11718798,,
2022-12-28 15:11:50.413000,,,11720547,,36710
2022-12-28 15:11:50.931000,,,11721245,,
2022-12-28 15:11:51.446000,129.99,,11723449,,36711
2022-12-28 15:11:51.964000,130,,11726498,,
2022-12-28 15:11:52.510000,,,11726503,,36712
2022-12-28 15:11:53.057000,,,11727371,,
2022-12-28 15:11:53.571000,129.99,130,11727770,,36713
2022-12-28 15:11:54.072000,,,11728442,,
2022-12-28 15:11:54.612000,,,11734475,,36714
2022-12-28 15:11:55.137000,,,11735504,,
2022-12-28 15:11:55.652000,,,11735995,,36715
2022-12-28 15:11:56.199000,129.98,129.99,11739105,,
2022-12-28 15:11:56.740000,,,11740431,,36716
2022-12-28 15:11:57.259000,,,11740562,,36717
2022-12-28 15:11:57.779000,,,11740703,,
2022-12-28 15:11:58.300000,129.96,129.97,11744368,,36718
2022-12-28 15:11:58.817000,,,11744681,,
2022-12-28 15:11:59.365000,,129.98,11745905,,36719
2022-12-28 15:11:59.876000,,129.97,11749345,,
2022-12-28 15:12:00.403000,,,11751843,,36720
2022-12-28 15:12:00.910000,129.94,129.95,11757272,,
2022-12-28 15:12:01.456000,,,11757923,,36721
2022-12-28 15:12:01.999000,129.93,129.94,11760873,,
2022-12-28 15:12:02.519000,,,11762760,,36722
2022-12-28 15:12:03.037000,129.9,129.91,11765656,,
2022-12-28 15:12:03.557000,129.93,129.94,11766330,,36723
2022-12-28 15:12:04.105000,129.92,129.93,11767548,,
2022-12-28 15:12:04.635000,129.97,129.99,11768441,,36724
2022-12-28 15:12:05.142000,129.99,130,11770578,,
2022-12-28 15:12:05.667000,129.96,129.97,11773533,,36725
2022-12-28 15:12:06.182000,,,11775468,,
2022-12-28 15:12:06.715000,129.98,130,11778256,,36726
2022-12-28 15:12:07.220000,129.99,,11778872,,
2022-12-28 15:12:07.721000,,130.01,11782611,,36727
2022-12-28 15:12:08.260000,129.98,130,11783459,,36728
2022-12-28 15:12:08.788000,129.99,,11785297,,
2022-12-28 15:12:09.321000,129.97,129.98,11788978,,36729
2022-12-28 15:12:09.848000,129.96,129.97,11791058,,
2022-12-28 15:12:10.362000,129.94,129.95,11792544,,36730
2022-12-28 15:12:10.884000,129.93,129.94,11794778,,
2022-12-28 15:12:11.424000,129.94,129.96,11795614,,36731
2022-12-28 15:12:11.930000,129.96,129.98,11796507,,
2022-12-28 15:12:12.466000,129.94,129.96,11796675,,36732
2022-12-28 15:12:13.011000,129.96,129.97,11797075,,
2022-12-28 15:12:13.512000,,129.98,11797186,,36733
2022-12-28 15:12:14.043000,129.99,130.01,11797881,,
2022-12-28 15:12:14.559000,130,,11800220,,36734
2022-12-28 15:12:15.097000,130.02,130.04,11802003,,
2022-12-28 15:12:15.599000,130.03,130.05,11803037,,36735
2022-12-28 15:12:16.118000,130.02,130.03,11814302,,
2022-12-28 15:12:16.665000,,,11814558,,36736
2022-12-28 15:12:17.212000,,,11815335,,
2022-12-28 15:12:17.752000,130,130.01,11816324,,36737
2022-12-28 15:12:18.297000,,,11816744,,36738
2022-12-28 15:12:18.819000,,,11817981,,
2022-12-28 15:12:19.325000,,,11818335,,36739
2022-12-28 15:12:19.853000,130.01,130.03,11818580,,
2022-12-28 15:12:20.374000,130.02,130.04,11818719,,36740
2022-12-28 15:12:20.908000,,,11819310,,
2022-12-28 15:12:21.435000,,130.03,11819527,,36741
2022-12-28 15:12:21.940000,,,11819592,,
2022-12-28 15:12:22.450000,,,11820428,,36742
2022-12-28 15:12:22.997000,,,11820429,,
2022-12-28 15:12:23.517000,,,11821980,,36743
2022-12-28 15:12:24.044000,130,130.01,11825505,,
2022-12-28 15:12:24.556000,130.01,130.02,11825659,,36744
2022-12-28 15:12:25.102000,130.02,130.04,11825797,,
2022-12-28 15:12:25.642000,,130.03,11826020,,36745
2022-12-28 15:12:26.167000,,,11826134,,
2022-12-28 15:12:26.707000,,,11828902,,36746
2022-12-28 15:12:27.233000,,,11830408,,
2022-12-28 15:12:27.775000,130.03,130.04,11830542,,36747
2022-12-28 15:12:28.321000,130.02,130.03,11831200,,36748
2022-12-28 15:12:28.831000,130.01,,11831406,,
2022-12-28 15:12:29.358000,130.02,130.04,11831681,,36749
2022-12-28 15:12:29.874000,,,11834388,,
2022-12-28 15:12:30.400000,,130.03,11834968,,36750
2022-12-28 15:12:30.947000,130.04,130.05,11838052,,
2022-12-28 15:12:31.474000,130.05,130.06,11838397,,36751
2022-12-28 15:12:31.979000,130.06,130.07,11839013,,
2022-12-28 15:12:32.525000,130.03,130.05,11842642,,36752
2022-12-28 15:12:33.032000,130.05,130.06,11843032,,
2022-12-28 15:12:33.557000,,,11844473,,36753
2022-12-28 15:12:34.067000,130.03,130.04,11847600,,36754
2022-12-28 15:12:34.578000,,130.05,11849585,,
2022-12-28 15:12:35.106000,130.05,130.07,11850019,,36755
2022-12-28 15:12:35.626000,,,11851383,,
2022-12-28 15:12:36.133000,,,11851403,,36756
2022-12-28 15:12:36.672000,,130.06,11851537,,
2022-12-28 15:12:37.178000,,,11851921,,
2022-12-28 15:12:37.687000,,,11851970,,
2022-12-28 15:12:38.215000,130.04,,11855217,,36758
2022-12-28 15:12:38.734000,130.06,130.07,11857179,,
2022-12-28 15:12:39.278000,130.09,130.1,11861658,,36759
2022-12-28 15:12:39.805000,,130.11,11863289,,
2022-12-28 15:12:40.315000,130.11,130.12,11865597,,36760
2022-12-28 15:12:40.849000,,,11866357,,
2022-12-28 15:12:41.356000,,130.13,11866808,,36761
2022-12-28 15:12:41.864000,,,11867623,,
2022-12-28 15:12:42.396000,,,11869034,,36762
2022-12-28 15:12:42.924000,,,11870312,,
2022-12-28 15:12:43.464000,,,11870317,,36763
2022-12-28 15:12:43.989000,,130.12,11870726,,
2022-12-28 15:12:44.504000,,,11871887,,36764
2022-12-28 15:12:45.067000,130.09,130.1,11872978,,36765
2022-12-28 15:12:45.598000,,,11874391,,
2022-12-28 15:12:46.118000,,,11874785,,36766
2022-12-28 15:12:46.644000,130.1,130.12,11875400,,
2022-12-28 15:12:47.149000,130.09,130.11,11876411,,36767
2022-12-28 15:12:47.665000,130.11,130.12,11876810,,
2022-12-28 15:12:48.190000,130.1,130.11,11879913,,36768
2022-12-28 15:12:48.698000,,130.12,,,
2022-12-28 15:12:49.201000,,130.11,11879982,,36769
2022-12-28 15:12:50.015000,130.11,130.12,11880204,,
2022-12-28 15:12:50.529000,,130.13,11881400,,36770
2022-12-28 15:12:51.062000,,130.12,11881617,,
2022-12-28 15:12:51.592000,130.09,130.1,11882465,,36771
2022-12-28 15:12:52.100000,130.07,130.09,11882908,,36772
2022-12-28 15:12:52.631000,,,11883463,,
2022-12-28 15:12:53.166000,,,11884852,,36773
2022-12-28 15:12:53.671000,,,11885224,,
2022-12-28 15:12:54.205000,,130.08,11885369,,36774
2022-12-28 15:12:54.736000,,130.09,11885401,,
2022-12-28 15:12:55.265000,130.08,,11885508,,36775
2022-12-28 15:12:55.798000,130.05,130.06,11896269,,
2022-12-28 15:12:56.337000,,130.07,11896473,,
2022-12-28 15:12:56.846000,,,11896815,,36776
2022-12-28 15:12:57.372000,130.06,,11896974,,36777
2022-12-28 15:12:57.904000,130.05,,11896983,,
2022-12-28 15:12:58.423000,130.06,,11898501,,36778
2022-12-28 15:12:58.970000,130.05,,11899528,,
2022-12-28 15:12:59.475000,130.06,,11899841,,36779
2022-12-28 15:13:00.016000,,,11900854,,
2022-12-28 15:13:00.554000,,,11901361,,36780
2022-12-28 15:13:01.134000,,,11902405,,
2022-12-28 15:13:01.667000,130.07,130.08,11904167,,36781
2022-12-28 15:13:02.174000,,,11907398,,
2022-12-28 15:13:02.701000,130.08,130.09,11907852,,36782
2022-12-28 15:13:03.214000,130.1,130.11,11908268,,36783
2022-12-28 15:13:03.740000,,,11909337,,
2022-12-28 15:13:04.256000,130.09,,11911779,,36784
2022-12-28 15:13:04.790000,,,11911977,,
2022-12-28 15:13:05.295000,,,11913900,,36785
2022-12-28 15:13:05.802000,,130.1,11914103,,
2022-12-28 15:13:06.337000,,130.11,11914227,,36786
2022-12-28 15:13:06.842000,,,11914856,,
2022-12-28 15:13:07.383000,130.1,,11915894,,36787
2022-12-28 15:13:07.903000,,,11916017,,
2022-12-28 15:13:08.415000,,,11922509,,36788
2022-12-28 15:13:08.962000,,,11922830,,
2022-12-28 15:13:09.475000,,,11922832,,36789
2022-12-28 15:13:09.980000,130.09,,11937415,,
2022-12-28 15:13:10.514000,130.1,130.12,11938525,,36790
2022-12-28 15:13:11.061000,,,11938867,,
2022-12-28 15:13:11.600000,130.09,130.1,11939551,,36791
2022-12-28 15:13:12.130000,,,11939962,,
2022-12-28 15:13:12.640000,130.12,130.14,11944086,,36792
2022-12-28 15:13:13.145000,130.13,,11944087,,36793
2022-12-28 15:13:13.686000,130.12,,11945219,,
2022-12-28 15:13:14.221000,130.13,130.15,11947219,,36794
2022-12-28 15:13:14.723000,,,11948792,,
2022-12-28 15:13:15.230000,130.14,130.16,11949425,,36795
2022-12-28 15:13:15.757000,130.13,130.14,11949659,,
2022-12-28 15:13:16.277000,,,11951769,,36796
2022-12-28 15:13:16.787000,130.12,,11952537,,
2022-12-28 15:13:17.335000,130.13,130.15,11955541,,36797
2022-12-28 15:13:17.849000,130.12,130.13,11959145,,
2022-12-28 15:13:18.397000,,,11960760,,
2022-12-28 15:13:18.917000,,,11961145,,36798
2022-12-28 15:13:19.427000,130.09,130.1,11963861,,36799
2022-12-28 15:13:19.934000,130.1,130.12,11964662,,
2022-12-28 15:13:20.453000,130.09,130.1,11965528,,36800
2022-12-28 15:13:20.972000,130.08,,11970548,,
2022-12-28 15:13:21.481000,130.09,130.11,11970945,,36801
2022-12-28 15:13:21.996000,,130.1,11971407,,
2022-12-28 15:13:22.524000,130.1,130.12,11971464,,36802
2022-12-28 15:13:23.038000,130.09,130.1,11971817,,
2022-12-28 15:13:23.545000,,,11971874,,36803
2022-12-28 15:13:24.048000,,,11972502,,
2022-12-28 15:13:24.595000,130.08,130.09,11974140,,36804
2022-12-28 15:13:25.111000,,130.1,11975118,,
2022-12-28 15:13:25.630000,,130.09,11975683,,36805
2022-12-28 15:13:26.171000,,130.1,11976012,,36806
2022-12-28 15:13:26.697000,,,11976013,,
2022-12-28 15:13:27.216000,130.09,,11976059,,36807
2022-12-28 15:13:27.743000,,,11976116,,
2022-12-28 15:13:28.255000,130.07,130.08,11976760,,36808
2022-12-28 15:13:28.760000,,130.09,11977006,,
2022-12-28 15:13:29.275000,,130.08,11977313,,36809
2022-12-28 15:13:29.820000,130.06,130.07,11977824,,
2022-12-28 15:13:30.348000,130.05,130.06,11979811,,
2022-12-28 15:13:30.862000,130.04,,11981240,,36810
2022-12-28 15:13:31.368000,,130.05,11981596,,36811
2022-12-28 15:13:31.893000,130.02,130.03,11987386,,
2022-12-28 15:13:32.394000,,,11987548,,
2022-12-28 15:13:32.915000,130.04,130.05,11988717,,36812
2022-12-28 15:13:33.460000,130.03,130.04,11988926,,36813
2022-12-28 15:13:34.001000,130.04,130.05,11989127,,
2022-12-28 15:13:34.507000,,,11989392,,36814
2022-12-28 15:13:35.047000,130.03,130.04,11989797,,
2022-12-28 15:13:35.565000,130.02,,11990204,,36815
2022-12-28 15:13:36.081000,130.05,130.06,11990673,,
2022-12-28 15:13:36.593000,,,11990681,,36816
2022-12-28 15:13:37.118000,,,11991399,,
2022-12-28 15:13:37.664000,,,11991477,,36817
2022-12-28 15:13:38.172000,130.02,130.04,11992292,,
2022-12-28 15:13:38.679000,130.04,130.06,11992545,,36818
2022-12-28 15:13:39.190000,130.05,,11992830,,
2022-12-28 15:13:39.716000,130.06,130.07,11993302,,36819
2022-12-28 15:13:40.229000,130.05,,11993797,,36820
2022-12-28 15:13:40.763000,130.04,130.06,11993814,,
2022-12-28 15:13:41.286000,,,11993894,,
2022-12-28 15:13:41.812000,130.05,,11994154,,36821
2022-12-28 15:13:42.336000,130.04,,11994602,,36822
2022-12-28 15:13:42.855000,130.05,,11994622,,
2022-12-28 15:13:43.398000,130.04,,11995490,,36823
2022-12-28 15:13:43.915000,130.05,,11995751,,
2022-12-28 15:13:44.419000,130.06,130.07,11995909,,36824
2022-12-28 15:13:44.928000,130.05,,11996112,,
2022-12-28 15:13:45.475000,,,11996466,,36825
2022-12-28 15:13:46.014000,130.06,130.08,11998809,,
2022-12-28 15:13:46.534000,130.07,130.09,11999337,,36826
2022-12-28 15:13:47.081000,,130.08,11999976,,
2022-12-28 15:13:47.629000,130.06,,12002008,,36827
2022-12-28 15:13:48.143000,130.05,130.07,12002145,,
2022-12-28 15:13:48.683000,,130.06,12002758,,36828
2022-12-28 15:13:49.187000,,,12003132,,
2022-12-28 15:13:49.704000,130.04,130.05,12004428,,36829
2022-12-28 15:13:50.224000,,,12005204,,36830
2022-12-28 15:13:50.767000,,,12008214,,
2022-12-28 15:13:51.272000,,130.06,12011621,,36831
2022-12-28 15:13:51.786000,,,12012279,,
2022-12-28 15:13:52.305000,,130.05,12012492,,36832
2022-12-28 15:13:52.849000,,,12012618,,
2022-12-28 15:13:53.397000,130.03,130.04,12012858,,36833
2022-12-28 15:13:53.938000,,130.05,12012872,,
2022-12-28 15:13:54.484000,,,12013072,,36834
2022-12-28 15:13:55.003000,,130.04,12013123,,
2022-12-28 15:13:55.546000,,,12013401,,36835
2022-12-28 15:13:56.067000,130,130.02,12015766,,
2022-12-28 15:13:56.613000,130.01,,12015769,,36836
2022-12-28 15:13:57.159000,,,12016278,,
2022-12-28 15:13:57.706000,130,,12016466,,36837
2022-12-28 15:13:58.226000,,,12019982,,
2022-12-28 15:13:58.767000,129.99,130,12022533,,36838
2022-12-28 15:13:59.287000,,,12022539,,36839
2022-12-28 15:13:59.906000,,,12024401,,
2022-12-28 15:14:00.427000,,,12025033,,36840
2022-12-28 15:14:00.972000,130.02,130.04,12028623,,
2022-12-28 15:14:01.508000,130.01,130.03,12030005,,36841
2022-12-28 15:14:02.027000,130.02,,12031316,,
2022-12-28 15:14:02.549000,130.04,130.06,12034815,,36842
2022-12-28 15:14:03.051000,,,12035056,,
2022-12-28 15:14:03.558000,,,12035065,,36843
2022-12-28 15:14:04.087000,,130.05,12038781,,
2022-12-28 15:14:04.600000,,,12045011,,36844
2022-12-28 15:14:05.120000,,,12046457,,
2022-12-28 15:14:05.658000,130.02,130.03,12046861,,36845
2022-12-28 15:14:06.185000,,130.04,12047279,,
2022-12-28 15:14:06.725000,,130.03,12047556,,36846
2022-12-28 15:14:07.243000,130.01,,12047860,,
2022-12-28 15:14:07.767000,,,12047932,,36847
2022-12-28 15:14:08.277000,,130.02,12048122,,36848
2022-12-28 15:14:08.782000,,130.03,12048940,,
2022-12-28 15:14:09.284000,,,12049706,,36849
2022-12-28 15:14:09.820000,,130.02,12049860,,
2022-12-28 15:14:10.340000,,130.03,12049963,,
2022-12-28 15:14:10.863000,,,12050929,,36850
2022-12-28 15:14:11.409000,,,12050930,,36851
2022-12-28 15:14:11.923000,,,12051402,,
2022-12-28 15:14:12.450000,130.02,,12051729,,36852
2022-12-28 15:14:12.970000,130.01,,12052237,,
2022-12-28 15:14:13.471000,,,12052270,,36853
2022-12-28 15:14:13.975000,,,12052354,,
2022-12-28 15:14:14.502000,,,12052358,,36854
2022-12-28 15:14:15.048000,,130.02,12054820,,
2022-12-28 15:14:15.589000,,130.03,12054924,,36855
2022-12-28 15:14:16.114000,,,12054925,,
2022-12-28 15:14:16.656000,,130.02,12054939,,36856
2022-12-28 15:14:17.197000,,,12055076,,
2022-12-28 15:14:17.743000,130.02,130.04,12058110,,36857
2022-12-28 15:14:18.251000,,130.03,12058222,,36858
2022-12-28 15:14:18.799000,130.01,130.02,12058849,,
2022-12-28 15:14:19.329000,,,12060650,,
2022-12-28 15:14:19.848000,130,130.01,12061627,,36859
2022-12-28 15:14:20.384000,130.01,130.03,12062631,,36860
2022-12-28 15:14:20.889000,,130.02,12062788,,
2022-12-28 15:14:21.415000,,130.03,12062900,,36861
2022-12-28 15:14:21.956000,130.02,,12063910,,
2022-12-28 15:14:22.475000,130.01,,12063920,,36862
2022-12-28 15:14:22.997000,130,130.01,12064056,,
2022-12-28 15:14:23.526000,,,12064058,,36863
2022-12-28 15:14:24.055000,,,12064079,,
2022-12-28 15:14:24.566000,,,12065238,,36864
2022-12-28 15:14:25.086000,130.02,130.04,12068336,,
2022-12-28 15:14:25.627000,,,12068364,,36865
2022-12-28 15:14:26.145000,,,12069615,,
2022-12-28 15:14:26.671000,,130.03,,,36866
2022-12-28 15:14:27.216000,,130.04,12073365,,36867
2022-12-28 15:14:27.752000,,,12073466,,
2022-12-28 15:14:28.256000,,,12073661,,
2022-12-28 15:14:28.804000,,130.03,12073718,,36868
2022-12-28 15:14:29.343000,,,12074198,,36869
2022-12-28 15:14:29.851000,,,12074384,,
2022-12-28 15:14:30.361000,,130.04,12074790,,36870
2022-12-28 15:14:30.864000,,130.03,12074801,,
2022-12-28 15:14:31.402000,,130.04,12075801,,36871
2022-12-28 15:14:31.922000,130.03,,12076416,,
2022-12-28 15:14:32.467000,130.02,130.03,12076617,,36872
2022-12-28 15:14:32.987000,,,12076691,,
2022-12-28 15:14:33.529000,130.01,130.02,12078768,,36873
2022-12-28 15:14:34.056000,,,12082022,,
2022-12-28 15:14:34.590000,,,12082418,,36874
2022-12-28 15:14:35.091000,,,12083269,,
2022-12-28 15:14:35.630000,,,12083326,,36875
2022-12-28 15:14:36.156000,,,12083328,,36876
2022-12-28 15:14:36.695000,,,12083357,,
2022-12-28 15:14:37.222000,130,130.01,12083679,,36877
2022-12-28 15:14:37.735000,,130.02,12084387,,
2022-12-28 15:14:38.253000,,,12086352,,36878
2022-12-28 15:14:38.756000,,,12088952,,
2022-12-28 15:14:39.282000,,130.01,12092192,,36879
2022-12-28 15:14:39.818000,,130.02,12092712,,
2022-12-28 15:14:40.347000,130.02,130.04,12094378,,36880
2022-12-28 15:14:40.858000,,130.03,12094447,,
2022-12-28 15:14:41.376000,,,12094779,,36881
2022-12-28 15:14:41.898000,,,12095680,,
2022-12-28 15:14:42.444000,130.03,130.04,12096138,,
2022-12-28 15:14:42.956000,,130.05,12098248,,36882
2022-12-28 15:14:43.502000,130.06,130.07,12101516,,36883
2022-12-28 15:14:44.028000,130.05,130.06,12101818,,
2022-12-28 15:14:44.564000,130.04,,12102181,,36884
2022-12-28 15:14:45.088000,130.05,,12102581,,
2022-12-28 15:14:45.636000,130.08,130.09,12104913,,36885
2022-12-28 15:14:46.153000,,,12105945,,36886
2022-12-28 15:14:46.664000,,,12109205,,
2022-12-28 15:14:47.183000,130.07,,12109993,,36887
2022-12-28 15:14:47.702000,,,12110203,,
2022-12-28 15:14:48.248000,,,12110254,,36888
2022-12-28 15:14:48.772000,130.08,,12114345,,
2022-12-28 15:14:49.295000,130.07,130.08,12114945,,
2022-12-28 15:14:49.815000,,,12115233,,36889
2022-12-28 15:14:50.398000,130.03,130.05,12117732,,36890
2022-12-28 15:14:50.919000,130.04,130.06,12118293,,
2022-12-28 15:14:51.438000,,,12118814,,36891
2022-12-28 15:14:51.961000,130.05,,12118828,,
2022-12-28 15:14:52.467000,,,12119329,,36892
2022-12-28 15:14:53.013000,,,12119360,,
2022-12-28 15:14:53.529000,,,12119554,,36893
2022-12-28 15:14:54.048000,,,12119658,,
2022-12-28 15:14:54.568000,130.06,130.07,12120254,,36894
2022-12-28 15:14:55.115000,,,12120448,,
2022-12-28 15:14:55.642000,130.03,130.05,12123506,,36895
2022-12-28 15:14:56.145000,,,12123812,,36896
2022-12-28 15:14:56.708000,130.04,,12127213,,
2022-12-28 15:14:57.228000,,,12127330,,
2022-12-28 15:14:57.749000,,,12130166,,36897
2022-12-28 15:14:58.274000,130.05,130.06,12130287,,36898
2022-12-28 15:14:58.801000,,,12130295,,
2022-12-28 15:14:59.336000,130.06,130.07,12131147,,36899
2022-12-28 15:14:59.858000,,,12131240,,
2022-12-28 15:15:00.360000,130.08,130.09,12131720,,36900
2022-12-28 15:15:00.908000,,,12131823,,
2022-12-28 15:15:01.440000,130.05,130.06,12132474,,36901
2022-12-28 15:15:01.961000,130.01,130.02,12171266,,
2022-12-28 15:15:02.475000,,,12171784,,36902
2022-12-28 15:15:02.981000,129.99,130.01,12173531,,
2022-12-28 15:15:03.483000,130.01,130.02,12173781,,36903
2022-12-28 15:15:04.029000,,,12177506,,
2022-12-28 15:15:04.548000,,,12177709,,36904
2022-12-28 15:15:05.068000,130.04,130.05,12180057,,
2022-12-28 15:15:05.583000,130.05,130.06,12183199,,36905
2022-12-28 15:15:06.130000,130.06,130.07,12183652,,
2022-12-28 15:15:06.671000,130.04,130.06,12183885,,36906
2022-12-28 15:15:07.216000,130.03,130.04,12183993,,36907
2022-12-28 15:15:07.739000,130.04,130.06,12184111,,
2022-12-28 15:15:08.262000,130.08,130.09,12186870,,36908
2022-12-28 15:15:08.807000,130.07,130.08,12186884,,
2022-12-28 15:15:09.326000,,,12186979,,36909
2022-12-28 15:15:09.854000,130.09,130.11,12189548,,
2022-12-28 15:15:10.395000,130.1,,12189551,,36910
2022-12-28 15:15:10.916000,,130.12,12193721,,
2022-12-28 15:15:11.441000,,130.11,12198792,,36911
2022-12-28 15:15:11.969000,,,12199047,,
2022-12-28 15:15:12.486000,,,12199671,,36912
2022-12-28 15:15:12.989000,,,12208267,,
2022-12-28 15:15:13.555000,,,12209264,,36913
2022-12-28 15:15:14.103000,130.09,130.1,12210477,,
2022-12-28 15:15:14.642000,130.13,130.15,12211444,,36914
2022-12-28 15:15:15.190000,130.14,,12214283,,36915
2022-12-28 15:15:15.703000,,,12224124,,
2022-12-28 15:15:16.231000,130.15,130.16,12224646,,36916
2022-12-28 15:15:16.773000,,,12224848,,
2022-12-28 15:15:17.298000,130.14,130.15,12225149,,
2022-12-28 15:15:17.831000,,,12231749,,36917
2022-12-28 15:15:18.350000,,,12232724,,36918
2022-12-28 15:15:18.890000,,,12232847,,
2022-12-28 15:15:19.398000,,,12232848,,36919
2022-12-28 15:15:19.926000,130.13,130.14,12233737,,
2022-12-28 15:15:20.474000,130.11,130.12,12235173,,36920
2022-12-28 15:15:21.011000,,,12235263,,
2022-12-28 15:15:21.533000,130.15,130.16,12236351,,36921
2022-12-28 15:15:22.071000,130.16,130.17,12237959,,
2022-12-28 15:15:22.590000,130.19,130.2,12240411,,36922
2022-12-28 15:15:23.093000,,,12242394,,
2022-12-28 15:15:23.640000,,,12243140,,36923
2022-12-28 15:15:24.143000,130.16,130.18,12245358,,
2022-12-28 15:15:24.645000,,,12245691,,36924
2022-12-28 15:15:25.184000,130.17,,12248547,,36925
2022-12-28 15:15:25.703000,130.19,130.2,12250693,,
2022-12-28 15:15:26.204000,,,,,36926
2022-12-28 15:15:26.733000,,,12252751,,
2022-12-28 15:15:27.275000,,,12253105,,36927
2022-12-28 15:15:27.797000,130.23,130.25,12258125,,
2022-12-28 15:15:28.310000,,130.24,12258811,,36928
2022-12-28 15:15:28.856000,,,12260177,,
2022-12-28 15:15:29.378000,130.21,130.23,12264923,,36929
2022-12-28 15:15:29.925000,130.2,130.22,12274245,,
2022-12-28 15:15:30.436000,130.22,130.23,12275059,,36930
2022-12-28 15:15:30.957000,,,12275958,,
2022-12-28 15:15:31.481000,,,12276074,,36931
2022-12-28 15:15:32.028000,,,12276975,,
2022-12-28 15:15:32.538000,,,12277011,,36932
2022-12-28 15:15:33.045000,,,12277130,,
2022-12-28 15:15:33.586000,130.23,130.24,12281712,,36933
2022-12-28 15:15:34.092000,,,12282895,,
2022-12-28 15:15:34.598000,,,12284397,,36934
2022-12-28 15:15:35.143000,130.24,130.25,12285585,,
2022-12-28 15:15:35.657000,130.26,130.27,12289640,,36935
2022-12-28 15:15:36.179000,130.25,,12289927,,
2022-12-28 15:15:36.698000,130.26,,12290310,,36936
2022-12-28 15:15:37.199000,130.27,130.28,12294682,,
2022-12-28 15:15:37.741000,,,12297466,,36937
2022-12-28 15:15:38.263000,130.28,130.29,12298537,,36938
2022-12-28 15:15:38.777000,130.27,,12298853,,
2022-12-28 15:15:39.297000,,,12299754,,36939
2022-12-28 15:15:39.838000,130.28,130.3,12301363,,
2022-12-28 15:15:40.356000,130.27,130.29,12303240,,36940
2022-12-28 15:15:40.866000,,,12303923,,
2022-12-28 15:15:41.387000,,130.28,12309945,,36941
2022-12-28 15:15:41.926000,,,12312876,,
2022-12-28 15:15:42.475000,130.28,130.29,12314027,,36942
2022-12-28 15:15:43.015000,130.26,130.27,12318108,,
2022-12-28 15:15:43.533000,,,12319875,,36943
2022-12-28 15:15:44.078000,,130.28,12319991,,
2022-12-28 15:15:44.598000,,130.27,12320105,,36944
2022-12-28 15:15:45.136000,130.28,130.3,12322495,,
2022-12-28 15:15:45.702000,130.29,,12323359,,36945
2022-12-28 15:15:46.230000,130.28,130.29,12323505,,
2022-12-28 15:15:46.749000,130.27,,12323647,,36946
2022-12-28 15:15:47.292000,130.28,130.3,12330820,,36947
2022-12-28 15:15:47.813000,130.29,,12332767,,
2022-12-28 15:15:48.359000,,,12337827,,36948
2022-12-28 15:15:48.951000,130.3,130.32,12338509,,
2022-12-28 15:15:49.452000,130.28,130.3,12339634,,36949
2022-12-28 15:15:49.963000,,,12345033,,
2022-12-28 15:15:50.498000,,,12349740,,36950
2022-12-28 15:15:51.003000,,130.29,12350091,,
2022-12-28 15:15:51.541000,130.29,130.31,12350596,,36951
2022-12-28 15:15:52.049000,,,12350677,,
2022-12-28 15:15:52.577000,,,12354933,,36952
2022-12-28 15:15:53.099000,130.26,130.27,12355500,,
2022-12-28 15:15:53.619000,130.25,,12357089,,36953
2022-12-28 15:15:54.127000,130.24,130.25,12357608,,
2022-12-28 15:15:54.630000,130.23,130.24,12358873,,36954
2022-12-28 15:15:55.137000,,130.25,12364760,,
2022-12-28 15:15:55.649000,130.21,130.23,12367107,,36955
2022-12-28 15:15:56.175000,130.22,,12367215,,
2022-12-28 15:15:56.710000,130.2,130.21,12367823,,36956
2022-12-28 15:15:57.231000,,,12368424,,
2022-12-28 15:15:57.776000,130.19,130.2,12373492,,36957
2022-12-28 15:15:58.323000,130.21,130.23,12374614,,36958
2022-12-28 15:15:58.866000,,,12374943,,
2022-12-28 15:15:59.368000,,130.22,12377510,,36959
2022-12-28 15:15:59.891000,,,12380713,,
2022-12-28 15:16:00.406000,130.22,130.24,12380950,,36960
2022-12-28 15:16:00.945000,,130.23,12380951,,
2022-12-28 15:16:01.469000,,130.24,12383256,,36961
2022-12-28 15:16:02.012000,130.23,,12384849,,
2022-12-28 15:16:02.534000,130.28,130.3,12385715,,36962
2022-12-28 15:16:03.070000,,130.29,12387632,,36963
2022-12-28 15:16:03.600000,,,12387647,,
2022-12-28 15:16:04.128000,,130.3,12388514,,
2022-12-28 15:16:04.640000,130.27,130.28,12390199,,36964
2022-12-28 15:16:05.166000,,,12390219,,
2022-12-28 15:16:05.713000,130.25,130.26,12391543,,36965
2022-12-28 15:16:06.214000,,,12392196,,
2022-12-28 15:16:06.759000,130.28,130.3,12393819,,36966
2022-12-28 15:16:07.281000,130.29,,12393929,,
2022-12-28 15:16:07.808000,130.28,,12394834,,36967
2022-12-28 15:16:08.350000,,,12395970,,36968
2022-12-28 15:16:08.886000,,,12397203,,
2022-12-28 15:16:09.389000,130.3,130.31,12397347,,36969
2022-12-28 15:16:09.934000,130.28,130.3,,,
2022-12-28 15:16:10.468000,130.31,130.32,12399254,,36970
2022-12-28 15:16:10.972000,130.33,130.34,12400119,,
2022-12-28 15:16:11.506000,,,12401492,,36971
2022-12-28 15:16:12.034000,,,12402389,,
2022-12-28 15:16:12.548000,,,12404943,,36972
2022-12-28 15:16:13.052000,130.34,130.35,12406609,,
2022-12-28 15:16:13.561000,130.33,,12406742,,36973
2022-12-28 15:16:14.076000,130.35,130.36,12411118,,36974
2022-12-28 15:16:14.603000,,130.37,12411386,,
2022-12-28 15:16:15.122000,,,12411555,,36975
2022-12-28 15:16:15.649000,130.36,130.38,12413277,,
2022-12-28 15:16:16.185000,,,12413911,,36976
2022-12-28 15:16:16.732000,,,12414925,,
2022-12-28 15:16:17.276000,130.38,130.39,12421818,,
2022-12-28 15:16:17.815000,130.37,,12427181,,36977
2022-12-28 15:16:18.329000,,130.38,12428162,,36978
2022-12-28 15:16:18.854000,130.34,130.35,12430508,,
2022-12-28 15:16:19.357000,130.3,130.31,12432424,,36979
2022-12-28 15:16:19.877000,130.31,130.33,12433407,,
2022-12-28 15:16:20.397000,130.32,,12433813,,36980
2022-12-28 15:16:20.943000,130.31,,12435058,,
2022-12-28 15:16:21.446000,130.32,,12435661,,36981
2022-12-28 15:16:21.967000,130.34,130.35,12441808,,
2022-12-28 15:16:22.494000,130.33,130.34,12441904,,36982
2022-12-28 15:16:23.002000,,130.35,12442420,,
2022-12-28 15:16:23.514000,130.34,130.36,12442606,,36983
2022-12-28 15:16:24.015000,,,12444596,,
2022-12-28 15:16:24.541000,130.33,130.34,12444611,,36984
2022-12-28 15:16:25.088000,130.31,130.32,12446069,,
2022-12-28 15:16:25.620000,130.32,130.33,12446426,,36985
2022-12-28 15:16:26.147000,130.34,130.35,12447706,,36986
2022-12-28 15:16:26.661000,,,12447843,,
2022-12-28 15:16:27.191000,,,12448150,,
2022-12-28 15:16:27.692000,,,12448444,,36987
2022-12-28 15:16:28.233000,130.31,130.33,12450100,,
2022-12-28 15:16:28.767000,,,12450382,,36988
2022-12-28 15:16:29.293000,,,12450600,,
2022-12-28 15:16:29.840000,130.32,,12451311,,36989
2022-12-28 15:16:30.383000,,,12451612,,36990
2022-12-28 15:16:30.890000,,,12451852,,
2022-12-28 15:16:31.405000,130.31,130.32,12453088,,36991
2022-12-28 15:16:31.910000,,,12453143,,
2022-12-28 15:16:32.421000,,,12453155,,36992
2022-12-28 15:16:32.923000,130.29,130.3,12453344,,
2022-12-28 15:16:33.462000,130.31,130.32,12453860,,36993
2022-12-28 15:16:33.991000,,,12453894,,
2022-12-28 15:16:34.504000,,,12454244,,36994
