time, bid_price, ask_price, total_volume, open_price, quote_time
2022-12-28 18:52:53.562000,126.98,126.99,55347339,129.67,49973
2022-12-28 18:52:54.068000,126.97,126.98,55348272,,
2022-12-28 18:52:54.591000,,,55348597,,49974
2022-12-28 18:52:55.114000,,,55348825,,
2022-12-28 18:52:55.651000,126.95,126.96,55351606,,49975
2022-12-28 18:52:56.172000,,,55352927,,
2022-12-28 18:52:56.681000,126.91,126.92,55357703,,49976
2022-12-28 18:52:57.186000,,,55360105,,
2022-12-28 18:52:57.712000,,,55360556,,49977
2022-12-28 18:52:58.244000,126.89,126.9,55363361,,49978
2022-12-28 18:52:58.763000,,,55363896,,
2022-12-28 18:52:59.291000,,,55366576,,49979
2022-12-28 18:52:59.831000,,,55367905,,
2022-12-28 18:53:00.346000,126.9,126.91,55368386,,49980
2022-12-28 18:53:00.890000,126.89,,55369790,,
2022-12-28 18:53:01.408000,126.9,,55370292,,
2022-12-28 18:53:01.942000,126.89,126.9,55370356,,49981
2022-12-28 18:53:02.461000,126.88,126.89,55373174,,49982
2022-12-28 18:53:02.987000,,,55373488,,
2022-12-28 18:53:03.514000,126.91,126.92,55374378,,49983
2022-12-28 18:53:04.059000,126.93,126.94,55375564,,
2022-12-28 18:53:04.597000,126.94,126.95,55378717,,49984
2022-12-28 18:53:05.099000,,,55378731,,
2022-12-28 18:53:05.637000,,,55378875,,49985
2022-12-28 18:53:06.151000,126.95,126.96,55379424,,
2022-12-28 18:53:06.693000,,,55379566,,49986
2022-12-28 18:53:07.201000,126.94,,55380311,,49987
2022-12-28 18:53:07.716000,,,55380712,,
2022-12-28 18:53:08.230000,,,55382359,,
2022-12-28 18:53:08.751000,,,55382589,,49988
2022-12-28 18:53:09.277000,,126.95,55382893,,
2022-12-28 18:53:09.805000,126.93,126.94,55383857,,49989
2022-12-28 18:53:10.322000,126.91,126.92,55384150,,49990
2022-12-28 18:53:10.825000,,126.93,55384419,,
2022-12-28 18:53:11.354000,126.92,,55384975,,49991
2022-12-28 18:53:11.874000,126.91,126.92,55385271,,
2022-12-28 18:53:12.415000,126.92,126.93,55387758,,49992
2022-12-28 18:53:12.934000,,,55387966,,
2022-12-28 18:53:13.472000,,126.94,55388248,,49993
2022-12-28 18:53:13.976000,126.93,,55388255,,
2022-12-28 18:53:14.513000,,,55388819,,49994
2022-12-28 18:53:15.032000,,126.95,55388889,,
2022-12-28 18:53:15.568000,,126.94,55389872,,49995
2022-12-28 18:53:16.108000,,,55390635,,
2022-12-28 18:53:16.643000,,,55390639,,49996
2022-12-28 18:53:17.162000,,,55390983,,
2022-12-28 18:53:17.682000,,,55391590,,49997
2022-12-28 18:53:18.238000,,,55391603,,
2022-12-28 18:53:18.773000,,,55394258,,49998
2022-12-28 18:53:19.275000,126.95,126.97,55395202,,49999
2022-12-28 18:53:19.818000,126.97,126.99,55395353,,
2022-12-28 18:53:20.365000,126.98,,55395547,,50000
2022-12-28 18:53:20.885000,,,55395716,,
2022-12-28 18:53:21.424000,,,55396792,,50001
2022-12-28 18:53:21.967000,,,55397634,,
2022-12-28 18:53:22.481000,,,55401687,,
2022-12-28 18:53:22.991000,,,55402753,,50002
2022-12-28 18:53:23.521000,,,55402829,,50003
2022-12-28 18:53:24.026000,,,55403470,,
2022-12-28 18:53:24.537000,126.99,127,55405365,,50004
2022-12-28 18:53:25.082000,126.98,126.99,55405762,,
2022-12-28 18:53:25.622000,,,55406989,,50005
2022-12-28 18:53:26.149000,,127,55407455,,
2022-12-28 18:53:26.655000,,,55409237,,50006
2022-12-28 18:53:27.184000,,,55411317,,
2022-12-28 18:53:27.715000,127,127.01,55415001,,50007
2022-12-28 18:53:28.228000,,,55415038,,
2022-12-28 18:53:28.757000,126.98,127,55416708,,50008
2022-12-28 18:53:29.298000,,,55417494,,50009
2022-12-28 18:53:29.835000,126.99,,55417625,,
2022-12-28 18:53:30.362000,126.98,126.99,55417838,,50010
2022-12-28 18:53:30.889000,,127,55417855,,
2022-12-28 18:53:31.398000,126.99,,55418177,,50011
2022-12-28 18:53:31.901000,,,55418430,,
2022-12-28 18:53:32.406000,126.98,126.99,55418459,,50012
2022-12-28 18:53:32.908000,,,55418767,,
2022-12-28 18:53:33.436000,,,55419468,,50013
2022-12-28 18:53:33.973000,,,55421175,,
2022-12-28 18:53:34.489000,,,55421526,,50014
2022-12-28 18:53:35,,,55422185,,
2022-12-28 18:53:35.525000,,127,55422435,,50015
2022-12-28 18:53:36.068000,,126.99,55425514,,
2022-12-28 18:53:36.573000,,,55426490,,50016
2022-12-28 18:53:37.098000,,,55426553,,
2022-12-28 18:53:37.629000,,,55427341,,50017
2022-12-28 18:53:38.132000,,,55429340,,
2022-12-28 18:53:38.638000,,,55430084,,50018
2022-12-28 18:53:39.144000,,,55430286,,
2022-12-28 18:53:39.667000,,,55430350,,50019
2022-12-28 18:53:40.175000,126.99,127,55432340,,50020
2022-12-28 18:53:40.714000,,127.01,55432847,,
2022-12-28 18:53:41.249000,127,,55434226,,
2022-12-28 18:53:41.785000,126.99,127,55438796,,50021
2022-12-28 18:53:42.327000,126.98,126.99,55441008,,50022
2022-12-28 18:53:42.845000,,,55441825,,
2022-12-28 18:53:43.374000,,,55441853,,
2022-12-28 18:53:43.888000,126.97,,55443503,,50023
2022-12-28 18:53:44.402000,,,,,50024
2022-12-28 18:53:44.950000,126.98,,55443957,,
2022-12-28 18:53:45.452000,,,55443961,,50025
2022-12-28 18:53:45.982000,,,55443967,,
2022-12-28 18:53:46.485000,,,55444019,,50026
2022-12-28 18:53:47.030000,,,55444031,,
2022-12-28 18:53:47.537000,,127,55444943,,50027
2022-12-28 18:53:48.044000,126.99,,55445962,,50028
2022-12-28 18:53:48.548000,,,55446393,,
2022-12-28 18:53:49.096000,,,55446413,,
2022-12-28 18:53:49.619000,,,55446459,,50029
2022-12-28 18:53:50.154000,,,55446479,,
2022-12-28 18:53:50.685000,,,55447633,,50030
2022-12-28 18:53:51.186000,,,55447743,,50031
2022-12-28 18:53:51.713000,,,55447759,,
2022-12-28 18:53:52.255000,,,55447845,,
2022-12-28 18:53:52.785000,,127.01,55449539,,50032
2022-12-28 18:53:53.311000,,127,55449840,,50033
2022-12-28 18:53:53.815000,126.98,126.99,55452173,,
2022-12-28 18:53:54.355000,126.99,127,55452728,,50034
2022-12-28 18:53:54.894000,126.98,126.99,55453119,,
2022-12-28 18:53:55.410000,,,55453176,,50035
2022-12-28 18:53:55.950000,127,127.02,55453715,,
2022-12-28 18:53:56.486000,127.01,,55454277,,50036
2022-12-28 18:53:57.003000,127.02,127.03,55454859,,
2022-12-28 18:53:57.548000,127.04,127.05,55457849,,50037
2022-12-28 18:53:58.078000,,,55458449,,50038
2022-12-28 18:53:58.585000,,,55460456,,
2022-12-28 18:53:59.090000,,,55461988,,
2022-12-28 18:53:59.630000,,,55462210,,50039
2022-12-28 18:54:00.155000,,,55463546,,
2022-12-28 18:54:00.670000,,,55464803,,50040
2022-12-28 18:54:01.175000,,,55464836,,50041
2022-12-28 18:54:01.723000,,,55464872,,
2022-12-28 18:54:02.233000,127.03,127.04,55467983,,50042
2022-12-28 18:54:02.744000,,,55470926,,
2022-12-28 18:54:03.279000,,,55471081,,50043
2022-12-28 18:54:03.797000,,,55471538,,
2022-12-28 18:54:04.309000,,127.05,55474559,,50044
2022-12-28 18:54:04.838000,,127.04,55474720,,
2022-12-28 18:54:05.384000,,,55475021,,50045
2022-12-28 18:54:05.906000,127.04,127.05,55475381,,
2022-12-28 18:54:06.430000,,,55483482,,50046
2022-12-28 18:54:06.968000,,,55484298,,
2022-12-28 18:54:07.477000,,,55484361,,50047
2022-12-28 18:54:08.001000,,,55486080,,
2022-12-28 18:54:08.525000,,,55486107,,50048
2022-12-28 18:54:09.033000,127.05,127.07,55487338,,
2022-12-28 18:54:09.539000,127.06,,55488668,,50049
2022-12-28 18:54:10.051000,,,55490508,,
2022-12-28 18:54:10.553000,127.05,,55491845,,50050
2022-12-28 18:54:11.094000,127.06,,55494105,,50051
2022-12-28 18:54:11.602000,127.07,127.08,55500730,,
2022-12-28 18:54:12.139000,127.09,127.1,55501501,,50052
2022-12-28 18:54:12.654000,127.08,127.09,55501779,,
2022-12-28 18:54:13.165000,127.09,127.1,55508287,,50053
2022-12-28 18:54:13.703000,,,55508513,,
2022-12-28 18:54:14.215000,127.1,127.11,55511373,,
2022-12-28 18:54:14.742000,127.11,127.12,55513815,,50054
2022-12-28 18:54:15.286000,,,55514537,,
2022-12-28 18:54:15.807000,,,55530187,,50055
2022-12-28 18:54:16.330000,,,55533683,,50056
2022-12-28 18:54:16.869000,127.13,127.14,55537999,,
2022-12-28 18:54:17.384000,127.12,,55538809,,50057
2022-12-28 18:54:17.910000,,127.13,55540315,,
2022-12-28 18:54:18.416000,,,55541727,,50058
2022-12-28 18:54:18.918000,127.13,127.14,55545672,,
2022-12-28 18:54:19.436000,127.14,127.15,55547159,,50059
2022-12-28 18:54:19.952000,,,55548265,,
2022-12-28 18:54:20.468000,127.13,127.14,55549976,,50060
2022-12-28 18:54:20.976000,,,55550202,,
2022-12-28 18:54:21.508000,,,55550405,,50061
2022-12-28 18:54:22.037000,,,55550457,,
2022-12-28 18:54:22.558000,127.14,127.15,55550814,,50062
2022-12-28 18:54:23.078000,,,55550924,,
2022-12-28 18:54:23.628000,127.15,127.16,55552019,,50063
2022-12-28 18:54:24.165000,,,55555321,,
2022-12-28 18:54:24.680000,127.14,,55559339,,50064
2022-12-28 18:54:25.201000,127.15,,55559560,,
2022-12-28 18:54:25.703000,127.16,127.17,55560653,,50065
2022-12-28 18:54:26.218000,127.18,127.19,55569980,,50066
2022-12-28 18:54:26.725000,,,55575261,,
2022-12-28 18:54:27.228000,127.17,127.18,55575623,,50067
2022-12-28 18:54:27.738000,,,55576240,,
2022-12-28 18:54:28.248000,,,55580912,,
2022-12-28 18:54:28.780000,,,55581501,,50068
2022-12-28 18:54:29.307000,,127.19,55583581,,50069
2022-12-28 18:54:29.827000,,,55583694,,
2022-12-28 18:54:30.340000,127.18,,55583901,,50070
2022-12-28 18:54:30.883000,,127.2,55585780,,
2022-12-28 18:54:31.409000,127.19,,55588031,,50071
2022-12-28 18:54:31.949000,,,55588582,,
2022-12-28 18:54:32.490000,127.21,127.22,55599233,,50072
2022-12-28 18:54:32.999000,127.22,127.23,55601625,,
2022-12-28 18:54:33.531000,127.21,127.22,55603584,,50073
2022-12-28 18:54:34.041000,,,55605296,,
2022-12-28 18:54:34.585000,127.19,127.2,55615161,,50074
2022-12-28 18:54:35.116000,,,55615341,,50075
2022-12-28 18:54:35.640000,127.18,,55615542,,
2022-12-28 18:54:36.155000,,,55615616,,
2022-12-28 18:54:36.694000,,,55615913,,50076
2022-12-28 18:54:37.220000,,,55617099,,
2022-12-28 18:54:37.751000,127.19,,55617532,,50077
2022-12-28 18:54:38.264000,,,55617734,,50078
2022-12-28 18:54:38.767000,127.18,127.19,55621090,,
2022-12-28 18:54:39.299000,,127.2,55621932,,50079
2022-12-28 18:54:39.829000,127.17,127.18,55625494,,
2022-12-28 18:54:40.356000,,,55626934,,50080
2022-12-28 18:54:40.869000,127.16,127.17,55629166,,
2022-12-28 18:54:41.407000,127.15,,55629647,,50081
2022-12-28 18:54:41.943000,127.16,,55630737,,
2022-12-28 18:54:42.461000,127.15,127.16,55630866,,50082
2022-12-28 18:54:42.966000,127.16,127.17,55631485,,
2022-12-28 18:54:43.476000,,,55631486,,50083
2022-12-28 18:54:43.984000,,,55631615,,
2022-12-28 18:54:44.529000,,,55632945,,50084
2022-12-28 18:54:45.041000,127.17,127.18,55633677,,
2022-12-28 18:54:45.582000,127.15,127.16,55640051,,50085
2022-12-28 18:54:46.119000,127.14,127.15,55641762,,
2022-12-28 18:54:46.637000,,,55642265,,
2022-12-28 18:54:47.166000,,,55642613,,50087
2022-12-28 18:54:47.684000,,,55644828,,
2022-12-28 18:54:48.215000,,,55648796,,
2022-12-28 18:54:48.731000,,127.16,55649118,,50088
2022-12-28 18:54:49.241000,,,55649402,,50089
2022-12-28 18:54:49.760000,,,55652623,,
2022-12-28 18:54:50.280000,,127.15,55653468,,50090
2022-12-28 18:54:50.798000,,,55653620,,
2022-12-28 18:54:51.340000,127.16,127.18,55656117,,50091
2022-12-28 18:54:51.873000,,,55656477,,
2022-12-28 18:54:52.402000,,127.17,55656573,,50092
2022-12-28 18:54:52.942000,,127.18,55659350,,
2022-12-28 18:54:53.448000,,,55659547,,50093
2022-12-28 18:54:53.961000,,127.17,55660825,,
2022-12-28 18:54:54.509000,,,55660957,,50094
2022-12-28 18:54:55.016000,,,55661007,,
2022-12-28 18:54:55.560000,,,55661758,,50095
2022-12-28 18:54:56.071000,,,55663205,,
2022-12-28 18:54:56.619000,,,55663478,,50096
2022-12-28 18:54:57.157000,,,55663661,,
2022-12-28 18:54:57.683000,,,55663715,,50097
2022-12-28 18:54:58.220000,,,55663716,,
2022-12-28 18:54:58.768000,,,,,50098
2022-12-28 18:54:59.278000,127.17,127.18,55664933,,50099
2022-12-28 18:54:59.818000,,,55664935,,
2022-12-28 18:55:00.331000,,,55668602,,50100
2022-12-28 18:55:00.843000,127.16,127.17,55669362,,
2022-12-28 18:55:01.351000,,,55669371,,50101
2022-12-28 18:55:01.883000,127.14,127.15,55672107,,
2022-12-28 18:55:02.399000,,127.16,55672870,,50102
2022-12-28 18:55:02.905000,127.15,,55673750,,
2022-12-28 18:55:03.417000,,,55674458,,
2022-12-28 18:55:03.958000,,,55674523,,50103
2022-12-28 18:55:04.463000,,,55677911,,50104
2022-12-28 18:55:05.489000,,,55678791,,50105
2022-12-28 18:55:06.006000,127.14,127.15,55681474,,
2022-12-28 18:55:06.523000,,,55681747,,50106
2022-12-28 18:55:07.025000,,,55682508,,
2022-12-28 18:55:07.531000,,,55682921,,50107
2022-12-28 18:55:08.036000,127.15,127.16,55683178,,
2022-12-28 18:55:08.548000,,,55683782,,50108
2022-12-28 18:55:09.068000,,,55683967,,
2022-12-28 18:55:09.571000,127.14,127.15,55684273,,50109
2022-12-28 18:55:10.089000,,,55684363,,
2022-12-28 18:55:10.590000,,,55684710,,50110
2022-12-28 18:55:11.112000,127.13,127.14,55687165,,50111
2022-12-28 18:55:11.615000,,,55687673,,
2022-12-28 18:55:12.123000,,,55690578,,50112
2022-12-28 18:55:12.647000,,,55692397,,
2022-12-28 18:55:13.167000,,,55695402,,
2022-12-28 18:55:13.709000,,,,,50113
2022-12-28 18:55:14.220000,,,55698752,,50114
2022-12-28 18:55:14.744000,127.14,127.15,55699634,,
2022-12-28 18:55:15.268000,127.13,,,,
2022-12-28 18:55:15.813000,,,55699735,,50115
2022-12-28 18:55:16.354000,127.14,,55701744,,50116
2022-12-28 18:55:16.866000,,,55701966,,
2022-12-28 18:55:17.387000,127.12,127.13,55705004,,50117
2022-12-28 18:55:17.913000,127.1,127.11,55705747,,
2022-12-28 18:55:18.415000,,,55707860,,50118
2022-12-28 18:55:18.934000,,,55708589,,
2022-12-28 18:55:19.437000,,,,,50119
2022-12-28 18:55:19.976000,,,55709389,,
2022-12-28 18:55:20.494000,,,55709641,,50120
2022-12-28 18:55:21.016000,,,55711849,,
2022-12-28 18:55:21.557000,,,55711862,,50121
2022-12-28 18:55:22.089000,,,55712672,,50122
2022-12-28 18:55:22.591000,,,55713626,,
2022-12-28 18:55:23.114000,,,55713678,,
2022-12-28 18:55:23.620000,,,55713688,,50123
2022-12-28 18:55:24.168000,,,55713794,,
2022-12-28 18:55:24.716000,,,55713796,,50124
2022-12-28 18:55:25.342000,,,55715166,,
2022-12-28 18:55:25.846000,,,55715219,,50125
2022-12-28 18:55:26.348000,,,55715319,,50126
2022-12-28 18:55:26.857000,,,55715800,,
2022-12-28 18:55:27.369000,,,55715835,,50127
2022-12-28 18:55:27.917000,,,55716141,,
2022-12-28 18:55:28.464000,,,55716385,,50128
2022-12-28 18:55:28.991000,127.07,127.08,55724168,,
2022-12-28 18:55:29.526000,,,55724953,,50129
2022-12-28 18:55:30.049000,127.08,127.09,55725966,,
2022-12-28 18:55:30.574000,,,55726086,,50130
2022-12-28 18:55:31.122000,127.09,127.1,55727247,,
2022-12-28 18:55:31.635000,,,55727675,,50131
2022-12-28 18:55:32.155000,127.08,,55727692,,50132
2022-12-28 18:55:32.680000,127.09,,55728002,,
2022-12-28 18:55:33.220000,,,55728447,,50133
2022-12-28 18:55:33.737000,127.1,127.11,55728806,,
2022-12-28 18:55:34.243000,,,55729044,,50134
2022-12-28 18:55:34.777000,,,55729166,,
2022-12-28 18:55:35.314000,,,55729222,,
2022-12-28 18:55:35.856000,127.11,127.12,55730987,,50135
2022-12-28 18:55:36.379000,,127.13,55731153,,50136
2022-12-28 18:55:36.915000,,,55731653,,
2022-12-28 18:55:37.431000,,,,,50137
2022-12-28 18:55:37.954000,,127.12,55732403,,
2022-12-28 18:55:38.502000,,127.13,55732554,,50138
2022-12-28 18:55:39.024000,,127.12,55732555,,
2022-12-28 18:55:39.560000,127.12,127.13,55732877,,50139
2022-12-28 18:55:40.064000,,,55732901,,
2022-12-28 18:55:40.575000,127.11,,55732914,,50140
2022-12-28 18:55:41.122000,127.13,127.14,55733658,,50141
2022-12-28 18:55:41.662000,127.14,127.16,55734597,,
2022-12-28 18:55:42.171000,,,55734600,,
2022-12-28 18:55:42.696000,,,55735192,,50142
2022-12-28 18:55:43.210000,,,55735305,,
2022-12-28 18:55:43.719000,,127.15,55735407,,50143
2022-12-28 18:55:44.262000,,,55735435,,
2022-12-28 18:55:44.770000,,,55735692,,50144
2022-12-28 18:55:45.284000,,,55735693,,50145
2022-12-28 18:55:45.820000,,,55736245,,
2022-12-28 18:55:46.346000,,,55736406,,50146
2022-12-28 18:55:46.847000,127.13,127.14,55738062,,
2022-12-28 18:55:47.360000,,,55738072,,50147
2022-12-28 18:55:47.895000,,,55738372,,
2022-12-28 18:55:48.444000,127.14,127.15,55739746,,50148
2022-12-28 18:55:48.986000,127.15,127.16,55740056,,
2022-12-28 18:55:49.500000,127.16,127.18,55740874,,50149
2022-12-28 18:55:50.037000,127.17,,55743425,,
2022-12-28 18:55:50.560000,,,55744257,,50150
2022-12-28 18:55:51.100000,,127.19,55750730,,
2022-12-28 18:55:51.619000,,127.18,55750966,,50151
2022-12-28 18:55:52.128000,,,55752153,,
2022-12-28 18:55:52.654000,,,55753055,,50152
2022-12-28 18:55:53.163000,,,55753155,,
2022-12-28 18:55:53.692000,,,55753408,,50153
2022-12-28 18:55:54.230000,,,55753821,,50154
2022-12-28 18:55:54.779000,,,55754653,,
2022-12-28 18:55:55.292000,,,55755399,,50155
2022-12-28 18:55:55.838000,,,55756049,,
2022-12-28 18:55:56.360000,127.16,127.17,55757749,,50156
2022-12-28 18:55:56.904000,,,55758036,,
2022-12-28 18:55:57.416000,,,55759242,,50157
2022-12-28 18:55:57.956000,,,55759254,,
2022-12-28 18:55:58.459000,,,55759802,,50158
2022-12-28 18:55:59.003000,127.17,127.19,55760464,,
2022-12-28 18:55:59.538000,,,55760972,,50159
2022-12-28 18:56:00.062000,127.18,,55761236,,
2022-12-28 18:56:00.590000,127.14,127.16,55762531,,50160
2022-12-28 18:56:01.128000,,,55762838,,50161
2022-12-28 18:56:01.669000,127.15,,55764739,,
2022-12-28 18:56:02.210000,,,55764744,,
2022-12-28 18:56:02.753000,,127.17,55765525,,50162
2022-12-28 18:56:03.266000,,,55767017,,50163
2022-12-28 18:56:03.770000,,,55767319,,
2022-12-28 18:56:04.278000,,,55767321,,50164
2022-12-28 18:56:04.813000,127.16,,,,
2022-12-28 18:56:05.317000,127.15,127.16,55767546,,50165
2022-12-28 18:56:05.833000,,,55767551,,
2022-12-28 18:56:06.375000,,,55767798,,50166
2022-12-28 18:56:06.919000,,,55768003,,
2022-12-28 18:56:07.447000,,,55768057,,50167
2022-12-28 18:56:07.974000,127.16,127.17,55768156,,
2022-12-28 18:56:08.502000,127.15,,55768385,,50168
2022-12-28 18:56:09.021000,127.16,,,,
2022-12-28 18:56:09.548000,127.18,127.2,55769825,,50169
2022-12-28 18:56:10.096000,,,55769926,,
2022-12-28 18:56:10.621000,127.19,,55770147,,50170
2022-12-28 18:56:11.133000,127.2,127.21,55773950,,50171
2022-12-28 18:56:11.653000,,,55773970,,
2022-12-28 18:56:12.177000,127.19,,55775066,,50172
2022-12-28 18:56:12.719000,127.2,,55776368,,
2022-12-28 18:56:13.238000,,,55776837,,50173
2022-12-28 18:56:13.771000,,,55778042,,
2022-12-28 18:56:14.302000,,,55778946,,50174
2022-12-28 18:56:14.835000,127.19,127.2,55780107,,
2022-12-28 18:56:15.345000,,,55780574,,
2022-12-28 18:56:15.875000,,,55782975,,50175
2022-12-28 18:56:16.407000,,,55783476,,50176
2022-12-28 18:56:16.937000,,,55783777,,
2022-12-28 18:56:17.454000,,,55784138,,50177
2022-12-28 18:56:17.970000,,,55784148,,
2022-12-28 18:56:18.487000,127.18,127.19,55786211,,50178
2022-12-28 18:56:19.013000,,,55786552,,
2022-12-28 18:56:19.579000,,,55787267,,50179
2022-12-28 18:56:20.093000,,,55787424,,
2022-12-28 18:56:20.615000,127.17,127.18,55795766,,50180
2022-12-28 18:56:21.153000,127.16,127.17,55795806,,
2022-12-28 18:56:21.688000,,,55795824,,50181
2022-12-28 18:56:22.226000,127.15,127.16,55797549,,50182
2022-12-28 18:56:22.752000,,,55797595,,
2022-12-28 18:56:23.274000,,,55798104,,50183
2022-12-28 18:56:23.809000,,,55798730,,
2022-12-28 18:56:24.312000,127.14,127.15,55800634,,
2022-12-28 18:56:24.853000,,,55801288,,50184
2022-12-28 18:56:25.379000,,,55801509,,
2022-12-28 18:56:25.891000,,,55801910,,50185
2022-12-28 18:56:26.427000,,,55802247,,50186
2022-12-28 18:56:26.969000,,,55802249,,
2022-12-28 18:56:27.513000,127.15,127.16,55803601,,50187
2022-12-28 18:56:28.017000,127.16,127.17,55814268,,
2022-12-28 18:56:28.561000,127.15,127.16,55814569,,50188
2022-12-28 18:56:29.078000,127.14,,55814870,,
2022-12-28 18:56:29.618000,127.15,,55815283,,50189
2022-12-28 18:56:30.152000,,,55815384,,
2022-12-28 18:56:30.662000,127.17,127.18,55816187,,50190
2022-12-28 18:56:31.186000,,,55816193,,50191
2022-12-28 18:56:31.691000,127.16,127.17,55816309,,
2022-12-28 18:56:32.215000,,127.18,55818410,,
2022-12-28 18:56:32.760000,,,55818466,,50192
2022-12-28 18:56:33.273000,,,55818491,,50193
2022-12-28 18:56:33.778000,,127.17,55818492,,
2022-12-28 18:56:34.294000,,,55818992,,50194
2022-12-28 18:56:34.821000,,,55819400,,
2022-12-28 18:56:35.360000,,,55819951,,50195
2022-12-28 18:56:35.899000,127.12,127.13,55828587,,
2022-12-28 18:56:36.422000,,,55829734,,50196
2022-12-28 18:56:36.941000,127.13,127.14,55831188,,
2022-12-28 18:56:37.445000,,,55832029,,50197
2022-12-28 18:56:37.972000,127.12,,55833640,,
2022-12-28 18:56:38.480000,,127.13,55834871,,50198
2022-12-28 18:56:38.988000,127.13,127.14,55835087,,
2022-12-28 18:56:39.515000,,,55835637,,50199
2022-12-28 18:56:40.054000,127.12,,55836450,,
2022-12-28 18:56:40.580000,,,55836688,,50200
2022-12-28 18:56:41.094000,,127.13,55836770,,
2022-12-28 18:56:41.617000,,,55837754,,50201
2022-12-28 18:56:42.155000,,,55837949,,50202
2022-12-28 18:56:42.672000,127.11,127.12,55838314,,
2022-12-28 18:56:43.199000,,,55839169,,50203
2022-12-28 18:56:43.734000,,,55840462,,
2022-12-28 18:56:44.241000,127.12,127.13,55841368,,50204
2022-12-28 18:56:44.748000,,,55841395,,
2022-12-28 18:56:45.263000,,,55841401,,50205
2022-12-28 18:56:45.779000,,,55841412,,
2022-12-28 18:56:46.323000,,,55841524,,50206
2022-12-28 18:56:46.870000,,,55841607,,
2022-12-28 18:56:47.408000,,,55842001,,50207
2022-12-28 18:56:48.432000,,,55842007,,50208
2022-12-28 18:56:48.939000,,,55842382,,
2022-12-28 18:56:49.441000,,,55843017,,50209
2022-12-28 18:56:49.958000,,,55843149,,
2022-12-28 18:56:50.473000,127.14,127.15,55843638,,50210
2022-12-28 18:56:51.015000,,,55844358,,
2022-12-28 18:56:51.560000,,,55844363,,50211
2022-12-28 18:56:52.079000,,,55844950,,
2022-12-28 18:56:52.612000,,,55846227,,50212
2022-12-28 18:56:53.125000,,,55847314,,
2022-12-28 18:56:53.665000,127.12,127.13,55849113,,50213
2022-12-28 18:56:54.173000,127.1,127.11,55850581,,50214
2022-12-28 18:56:54.686000,,127.12,55851487,,
2022-12-28 18:56:55.187000,127.11,127.13,55852000,,50215
2022-12-28 18:56:55.691000,,,55855262,,
2022-12-28 18:56:56.207000,,127.12,55859969,,50216
2022-12-28 18:56:56.734000,,,55860070,,
2022-12-28 18:56:57.275000,,,55860387,,50217
2022-12-28 18:56:57.799000,127.1,127.11,55860951,,
2022-12-28 18:56:58.305000,,,55861240,,
2022-12-28 18:56:58.833000,,,55863446,,50218
2022-12-28 18:56:59.376000,,,55863511,,50219
2022-12-28 18:56:59.900000,,,55863661,,
2022-12-28 18:57:00.436000,127.11,127.13,55864817,,50220
2022-12-28 18:57:00.974000,,,55865700,,
2022-12-28 18:57:01.495000,127.12,,55865964,,50221
2022-12-28 18:57:02.011000,127.11,127.12,55865994,,
2022-12-28 18:57:02.534000,,,55866059,,50222
2022-12-28 18:57:03.072000,,,55874218,,
2022-12-28 18:57:03.596000,,,55874219,,50223
2022-12-28 18:57:04.111000,,,55874224,,
2022-12-28 18:57:04.636000,,,55874396,,50224
2022-12-28 18:57:05.169000,,,55876921,,50225
2022-12-28 18:57:05.710000,,,55877864,,
2022-12-28 18:57:06.216000,,,55879694,,
2022-12-28 18:57:06.758000,,,55879695,,50226
2022-12-28 18:57:07.261000,,,55880597,,50227
2022-12-28 18:57:07.767000,,,55881029,,
2022-12-28 18:57:08.314000,,,55881770,,
2022-12-28 18:57:08.854000,,,55881778,,50228
2022-12-28 18:57:09.365000,,,55881821,,
2022-12-28 18:57:09.892000,,,55882208,,50229
2022-12-28 18:57:10.400000,,,55882559,,50230
2022-12-28 18:57:10.947000,,,55882659,,
2022-12-28 18:57:11.473000,127.12,127.13,55883609,,50231
2022-12-28 18:57:11.998000,,,55883702,,
2022-12-28 18:57:12.523000,,,55884207,,50232
2022-12-28 18:57:13.059000,,,55884383,,
2022-12-28 18:57:13.578000,,,55884864,,50233
2022-12-28 18:57:14.082000,,,55885197,,
2022-12-28 18:57:14.591000,,,55885532,,50234
2022-12-28 18:57:15.119000,127.1,127.12,55887157,,50235
2022-12-28 18:57:15.647000,127.09,127.1,55889265,,
2022-12-28 18:57:16.158000,,,55889661,,50236
2022-12-28 18:57:16.690000,127.1,127.11,55890069,,
2022-12-28 18:57:17.208000,,,55890624,,50237
2022-12-28 18:57:17.731000,,,55890759,,
2022-12-28 18:57:18.275000,,,55890802,,
2022-12-28 18:57:18.788000,,,55890812,,50238
2022-12-28 18:57:19.298000,127.11,127.12,55893018,,50239
2022-12-28 18:57:19.823000,127.1,127.11,55893099,,
2022-12-28 18:57:20.369000,,,55893543,,50240
2022-12-28 18:57:20.915000,,,55895522,,
2022-12-28 18:57:21.425000,,,55895564,,50241
2022-12-28 18:57:21.949000,127.09,127.1,55897486,,
2022-12-28 18:57:22.461000,,,55897636,,50242
2022-12-28 18:57:22.987000,,,55897837,,
2022-12-28 18:57:23.510000,,,55898363,,50243
2022-12-28 18:57:24.052000,,,55898536,,
2022-12-28 18:57:24.586000,127.08,127.09,55899238,,50244
2022-12-28 18:57:25.110000,127.09,127.1,55900239,,
2022-12-28 18:57:25.627000,127.1,127.11,55901601,,50245
2022-12-28 18:57:26.139000,,,55901608,,
2022-12-28 18:57:26.678000,,,55901656,,50246
2022-12-28 18:57:27.180000,,,55901725,,50247
2022-12-28 18:57:27.724000,,,55901728,,
2022-12-28 18:57:28.249000,127.11,127.12,55902737,,50248
2022-12-28 18:57:28.765000,127.12,127.13,55902934,,
2022-12-28 18:57:29.274000,,,55905420,,
2022-12-28 18:57:29.797000,,,55905493,,50249
2022-12-28 18:57:30.300000,,,55906194,,50250
2022-12-28 18:57:30.847000,,,55906292,,
2022-12-28 18:57:31.388000,,,55906323,,50251
2022-12-28 18:57:31.932000,,,55906628,,
2022-12-28 18:57:32.477000,127.11,127.12,55907211,,50252
2022-12-28 18:57:32.984000,,,55907542,,
2022-12-28 18:57:33.600000,,,55907559,,50253
2022-12-28 18:57:34.131000,,,55907802,,50254
2022-12-28 18:57:34.708000,127.1,127.11,55908560,,
2022-12-28 18:57:35.247000,,,55908732,,50255
2022-12-28 18:57:35.751000,,,55908815,,
2022-12-28 18:57:36.264000,,,55908838,,50256
2022-12-28 18:57:36.807000,127.07,127.09,55911768,,
2022-12-28 18:57:37.349000,,,55912018,,50257
2022-12-28 18:57:37.877000,,,55912281,,
2022-12-28 18:57:38.426000,,127.08,55913537,,50258
2022-12-28 18:57:39.004000,127.06,127.07,55915686,,
2022-12-28 18:57:39.527000,,,55916649,,50259
2022-12-28 18:57:40.043000,,,55916764,,
2022-12-28 18:57:40.544000,,,55917366,,50260
2022-12-28 18:57:41.049000,,,55919806,,
2022-12-28 18:57:41.598000,,,55919815,,50261
2022-12-28 18:57:42.129000,,,55922040,,50262
2022-12-28 18:57:42.657000,,,55922046,,
2022-12-28 18:57:43.185000,127.07,127.09,55925933,,50263
2022-12-28 18:57:43.711000,,,55926094,,
2022-12-28 18:57:44.223000,127.09,127.1,55926506,,
2022-12-28 18:57:44.755000,,,55926515,,50264
2022-12-28 18:57:45.256000,,,55926633,,50265
2022-12-28 18:57:45.797000,,,55931285,,
2022-12-28 18:57:46.332000,127.08,,55931907,,50266
2022-12-28 18:57:46.843000,,,55931943,,
2022-12-28 18:57:47.360000,,127.09,55932273,,
2022-12-28 18:57:47.882000,127.09,127.1,55932506,,50267
2022-12-28 18:57:48.392000,,,55932595,,50268
2022-12-28 18:57:48.917000,,,55932605,,
2022-12-28 18:57:49.434000,,,55933135,,50269
2022-12-28 18:57:49.980000,,,55933447,,
2022-12-28 18:57:50.521000,,,55933587,,50270
2022-12-28 18:57:51.068000,,,55935376,,
2022-12-28 18:57:51.613000,,127.11,55935382,,50271
2022-12-28 18:57:52.129000,,127.1,55935800,,
2022-12-28 18:57:52.635000,,,55936171,,50272
2022-12-28 18:57:53.168000,,,55936172,,
2022-12-28 18:57:53.676000,,,55936184,,50273
2022-12-28 18:57:54.209000,127.11,127.12,55939876,,50274
2022-12-28 18:57:54.753000,,,55940278,,
2022-12-28 18:57:55.292000,,,55947279,,50275
2022-12-28 18:57:55.808000,127.09,127.1,55949121,,
2022-12-28 18:57:56.351000,127.1,127.11,55950056,,50276
2022-12-28 18:57:56.881000,,,55951810,,
2022-12-28 18:57:57.419000,,,55952582,,50277
2022-12-28 18:57:57.963000,,,55952802,,
2022-12-28 18:57:58.494000,,,55952817,,50278
2022-12-28 18:57:59.034000,127.09,127.1,55954890,,
2022-12-28 18:57:59.551000,127.04,127.05,55969573,,50279
2022-12-28 18:58:00.082000,,,55970439,,
2022-12-28 18:58:00.619000,,,55970539,,50280
2022-12-28 18:58:01.137000,,,55972079,,50281
2022-12-28 18:58:01.685000,,,55972581,,
2022-12-28 18:58:02.221000,127.05,127.06,55972940,,50282
2022-12-28 18:58:02.725000,,,55973030,,
2022-12-28 18:58:03.258000,,,55973031,,50283
2022-12-28 18:58:03.770000,,,55973037,,
2022-12-28 18:58:04.295000,127.04,127.05,55973184,,50284
2022-12-28 18:58:04.836000,,,55973686,,
2022-12-28 18:58:05.385000,,,55973760,,
2022-12-28 18:58:05.925000,127.02,127.03,55975943,,50285
2022-12-28 18:58:06.469000,,,55978500,,50286
2022-12-28 18:58:06.986000,,,55979075,,
2022-12-28 18:58:07.504000,,,55979186,,50287
2022-12-28 18:58:08.028000,127.03,127.05,55980591,,
2022-12-28 18:58:08.541000,127.04,,55981697,,50288
2022-12-28 18:58:09.082000,127.03,127.04,55982401,,
2022-12-28 18:58:09.604000,,,55983002,,50289
2022-12-28 18:58:10.147000,127.01,127.02,55988796,,
2022-12-28 18:58:10.657000,127.02,127.03,55989344,,50290
2022-12-28 18:58:11.179000,127.01,,55989785,,50291
2022-12-28 18:58:11.701000,127.02,,55992240,,
2022-12-28 18:58:12.219000,127.01,,55992692,,50292
2022-12-28 18:58:12.761000,,127.02,55993415,,
2022-12-28 18:58:13.264000,,,55993443,,50293
2022-12-28 18:58:13.784000,,,55994291,,
2022-12-28 18:58:14.303000,127.02,127.03,55994555,,50294
2022-12-28 18:58:14.823000,,,55994960,,
2022-12-28 18:58:15.347000,,,55996032,,50295
2022-12-28 18:58:15.851000,127.01,127.02,55996739,,
2022-12-28 18:58:16.379000,127,127.01,55997364,,50296
2022-12-28 18:58:16.891000,,,55998666,,
2022-12-28 18:58:17.416000,,,55999450,,50297
2022-12-28 18:58:17.942000,,,55999490,,
2022-12-28 18:58:18.471000,,,55999542,,50298
2022-12-28 18:58:19.017000,,,56013263,,
2022-12-28 18:58:19.554000,,,56013385,,
2022-12-28 18:58:20.079000,,,56014709,,50299
2022-12-28 18:58:20.625000,127.01,127.02,56016674,,50300
2022-12-28 18:58:21.156000,,,56018874,,50301
2022-12-28 18:58:21.657000,,127.03,56019210,,
2022-12-28 18:58:22.191000,127.02,,56019543,,50302
2022-12-28 18:58:22.736000,,127.04,56019552,,
2022-12-28 18:58:23.258000,,,56019937,,
2022-12-28 18:58:23.770000,127.03,,56020135,,50303
2022-12-28 18:58:24.277000,127.04,127.05,56020867,,50304
2022-12-28 18:58:24.812000,127.05,127.06,56022289,,
2022-12-28 18:58:25.335000,,,56022929,,
2022-12-28 18:58:25.855000,,,56023565,,
2022-12-28 18:58:26.390000,,,56024970,,50306
2022-12-28 18:58:26.930000,,127.07,56025143,,
2022-12-28 18:58:27.478000,,127.06,56025268,,50307
2022-12-28 18:58:28.014000,127.06,127.07,56025428,,
2022-12-28 18:58:28.533000,,,56025930,,50308
2022-12-28 18:58:29.037000,,,56025933,,
2022-12-28 18:58:29.566000,,,56026593,,50309
2022-12-28 18:58:30.140000,,,56027691,,
2022-12-28 18:58:30.659000,,,56027970,,50310
2022-12-28 18:58:31.180000,127.07,127.09,56033316,,50311
2022-12-28 18:58:31.724000,,127.08,56034070,,
2022-12-28 18:58:32.265000,,,56034101,,50312
2022-12-28 18:58:32.807000,,,56034271,,
2022-12-28 18:58:33.329000,127.06,,56034372,,50313
2022-12-28 18:58:33.859000,,127.07,56034463,,
2022-12-28 18:58:34.365000,,,56034466,,50314
2022-12-28 18:58:34.899000,,,56034853,,
2022-12-28 18:58:35.425000,127.1,127.11,56037228,,50315
2022-12-28 18:58:35.931000,,,56037505,,
2022-12-28 18:58:36.437000,,,56038506,,50316
2022-12-28 18:58:36.971000,127.09,127.1,56041143,,
2022-12-28 18:58:37.477000,,127.11,56041314,,50317
2022-12-28 18:58:37.994000,,,56042056,,
2022-12-28 18:58:38.531000,127.1,,56042057,,50318
2022-12-28 18:58:39.048000,,,56042482,,
2022-12-28 18:58:39.573000,,,56043198,,50319
2022-12-28 18:58:40.090000,127.09,,56044052,,
2022-12-28 18:58:40.637000,,,56044053,,50320
2022-12-28 18:58:41.165000,,127.1,56044066,,50321
2022-12-28 18:58:41.700000,,,56045137,,
2022-12-28 18:58:42.219000,,,56045543,,50322
2022-12-28 18:58:42.733000,,,56045663,,
2022-12-28 18:58:43.251000,,,56045974,,
2022-12-28 18:58:43.776000,,,56046688,,50323
2022-12-28 18:58:44.322000,,127.11,56046956,,50324
2022-12-28 18:58:44.830000,127.1,,56047073,,
2022-12-28 18:58:45.333000,,,56047082,,50325
2022-12-28 18:58:45.854000,,,56047093,,
2022-12-28 18:58:46.391000,127.09,127.1,56048294,,50326
2022-12-28 18:58:46.907000,,,56048357,,
2022-12-28 18:58:47.451000,,,56048406,,50327
2022-12-28 18:58:47.970000,,,56050219,,
2022-12-28 18:58:48.511000,,,56050422,,50328
2022-12-28 18:58:49.044000,,,56050438,,
2022-12-28 18:58:49.545000,,,56050507,,50329
2022-12-28 18:58:50.062000,,,56050525,,
2022-12-28 18:58:50.589000,,,56052130,,50330
2022-12-28 18:58:51.104000,,,56052456,,
2022-12-28 18:58:51.616000,127.08,127.09,56054209,,50331
2022-12-28 18:58:52.117000,,,56054609,,
2022-12-28 18:58:52.639000,,,56054647,,50332
2022-12-28 18:58:53.157000,127.07,127.08,56055367,,50333
2022-12-28 18:58:53.676000,127.08,127.09,56055720,,
2022-12-28 18:58:54.192000,,,56055807,,50334
2022-12-28 18:58:54.732000,,,56056083,,
2022-12-28 18:58:55.272000,,,56056099,,50335
2022-12-28 18:58:55.776000,,,56056404,,
2022-12-28 18:58:56.313000,,,56056417,,50336
2022-12-28 18:58:56.858000,,,56056429,,
2022-12-28 18:58:57.369000,,,56056630,,50337
2022-12-28 18:58:57.901000,,,56056671,,
2022-12-28 18:58:58.414000,,,56057174,,50338
2022-12-28 18:58:58.959000,,,56057536,,
2022-12-28 18:58:59.473000,,,56057543,,
2022-12-28 18:59:00.016000,,,56057547,,50339
2022-12-28 18:59:00.556000,127.07,127.08,56066149,,50340
2022-12-28 18:59:01.070000,,,56066268,,
2022-12-28 18:59:01.577000,,,56066319,,50341
2022-12-28 18:59:02.095000,,,56066320,,
2022-12-28 18:59:02.610000,127.09,127.1,56067982,,50342
2022-12-28 18:59:03.114000,,127.11,56069009,,
2022-12-28 18:59:03.660000,,127.1,56069111,,50343
2022-12-28 18:59:04.165000,,,56070255,,50344
2022-12-28 18:59:04.670000,127.08,127.09,56072917,,
2022-12-28 18:59:05.192000,127.07,127.08,56073235,,50345
2022-12-28 18:59:05.696000,,,56075662,,
2022-12-28 18:59:06.202000,,,56075689,,50346
2022-12-28 18:59:06.719000,,,56078689,,
2022-12-28 18:59:07.245000,127.05,127.07,56081812,,50347
2022-12-28 18:59:07.763000,127.06,,56082962,,
2022-12-28 18:59:08.281000,,,56083816,,50348
2022-12-28 18:59:08.807000,,,56083950,,
2022-12-28 18:59:09.318000,,,56084207,,50349
2022-12-28 18:59:09.866000,,127.08,56084533,,
2022-12-28 18:59:10.389000,127.07,,56084564,,50350
2022-12-28 18:59:10.891000,,,56084816,,
2022-12-28 18:59:11.413000,,,56085167,,50351
2022-12-28 18:59:11.933000,127.08,127.09,56085984,,
2022-12-28 18:59:12.448000,,,56086055,,50352
2022-12-28 18:59:12.972000,,127.1,56086089,,
2022-12-28 18:59:13.520000,127.09,,56086370,,50353
2022-12-28 18:59:14.035000,127.1,127.11,56092791,,
2022-12-28 18:59:14.560000,,,56092894,,50354
2022-12-28 18:59:15.085000,127.08,127.1,56094146,,
2022-12-28 18:59:15.626000,127.09,,56095186,,50355
2022-12-28 18:59:16.162000,,127.11,56096784,,
2022-12-28 18:59:16.672000,127.1,,56100466,,50356
2022-12-28 18:59:17.180000,,,56100467,,
2022-12-28 18:59:17.695000,,,56100589,,50357
2022-12-28 18:59:18.219000,127.12,127.13,56103829,,
2022-12-28 18:59:18.759000,,,56104462,,50358
2022-12-28 18:59:19.284000,127.11,,56106204,,50359
2022-12-28 18:59:19.795000,,127.12,56107359,,
2022-12-28 18:59:20.299000,127.1,127.11,56109055,,50360
2022-12-28 18:59:20.821000,127.11,127.12,56110504,,
2022-12-28 18:59:21.337000,127.12,127.13,56110631,,50361
2022-12-28 18:59:21.855000,127.11,,56110662,,
2022-12-28 18:59:22.359000,,127.12,56110675,,50362
2022-12-28 18:59:22.873000,127.12,127.13,56111433,,
2022-12-28 18:59:23.420000,,,56112742,,50363
2022-12-28 18:59:23.944000,,,56113058,,
2022-12-28 18:59:24.467000,,,56113565,,50364
2022-12-28 18:59:24.969000,,,56113871,,
2022-12-28 18:59:25.487000,127.13,127.14,56114843,,50365
2022-12-28 18:59:26.024000,127.12,127.13,56115071,,
2022-12-28 18:59:26.538000,127.13,127.14,56115236,,50366
2022-12-28 18:59:27.059000,,,56115672,,
2022-12-28 18:59:27.604000,127.12,127.13,56116253,,50367
2022-12-28 18:59:28.691000,,,56116556,,50368
2022-12-28 18:59:29.205000,,,56116558,,
2022-12-28 18:59:29.718000,,,56116743,,50369
2022-12-28 18:59:30.234000,127.14,127.15,56119456,,50370
2022-12-28 18:59:30.750000,,,56122742,,
2022-12-28 18:59:31.272000,,,56122853,,50371
2022-12-28 18:59:31.792000,,,56123555,,
2022-12-28 18:59:32.304000,,,56125312,,50372
2022-12-28 18:59:32.830000,127.15,127.16,56135828,,
2022-12-28 18:59:33.348000,,,56135889,,50373
2022-12-28 18:59:33.858000,,,56136415,,
2022-12-28 18:59:34.401000,,,56138416,,50374
2022-12-28 18:59:34.905000,,,56138620,,
2022-12-28 18:59:35.412000,,,56139550,,50375
2022-12-28 18:59:35.957000,127.16,127.17,56139922,,
2022-12-28 18:59:36.492000,127.15,127.16,,,50376
2022-12-28 18:59:37.005000,,,56140533,,
2022-12-28 18:59:37.517000,,127.17,56140550,,50377
2022-12-28 18:59:38.037000,,,56140742,,
2022-12-28 18:59:38.553000,127.16,,56141129,,50378
2022-12-28 18:59:39.069000,,,56141824,,
2022-12-28 18:59:39.616000,,,56143271,,50379
2022-12-28 18:59:40.139000,127.17,127.18,56144179,,
2022-12-28 18:59:40.666000,127.16,,56144287,,50380
2022-12-28 18:59:41.210000,127.15,127.16,56148863,,50381
2022-12-28 18:59:41.714000,127.14,127.15,56150765,,
2022-12-28 18:59:42.236000,127.12,127.13,56154399,,50382
2022-12-28 18:59:42.782000,,,56154800,,
2022-12-28 18:59:43.286000,,,56155818,,
2022-12-28 18:59:43.796000,127.11,127.12,56159197,,50383
2022-12-28 18:59:44.341000,,127.13,56159335,,50384
2022-12-28 18:59:44.858000,127.12,,56159437,,
2022-12-28 18:59:45.403000,,127.14,56160133,,50385
2022-12-28 18:59:45.927000,,127.13,56160488,,
2022-12-28 18:59:46.463000,,127.14,56160506,,50386
2022-12-28 18:59:47.007000,127.13,,56161777,,
2022-12-28 18:59:47.548000,127.12,,56161790,,50387
2022-12-28 18:59:48.055000,127.1,127.12,56162590,,
2022-12-28 18:59:48.565000,127.11,,56162663,,50388
2022-12-28 18:59:49.100000,,,56162699,,
2022-12-28 18:59:49.623000,,,56162902,,50389
2022-12-28 18:59:50.156000,127.1,,56162998,,
2022-12-28 18:59:50.658000,,127.11,56163404,,50390
2022-12-28 18:59:51.161000,127.09,127.1,56165360,,
2022-12-28 18:59:51.681000,,,56165781,,50391
2022-12-28 18:59:52.197000,,,56166430,,
2022-12-28 18:59:52.699000,,127.11,56166667,,50392
2022-12-28 18:59:53.208000,,,56168019,,50393
2022-12-28 18:59:53.757000,127.1,,56168021,,
2022-12-28 18:59:54.266000,,,56168069,,50394
2022-12-28 18:59:54.767000,,,56168072,,
2022-12-28 18:59:55.309000,,,56168229,,
2022-12-28 18:59:55.849000,,,,,50395
2022-12-28 18:59:56.364000,,,56168519,,
2022-12-28 18:59:56.868000,127.08,127.09,56170321,,50396
2022-12-28 18:59:57.413000,,,56170381,,50397
2022-12-28 18:59:57.961000,127.07,127.08,56172394,,
2022-12-28 18:59:58.506000,127.08,127.09,56172928,,50398
2022-12-28 18:59:59.039000,127.09,127.1,56174609,,
2022-12-28 18:59:59.561000,127.07,127.09,56174939,,50399
2022-12-28 19:00:00.090000,127.08,,56174940,,
2022-12-28 19:00:00.611000,127.09,127.11,56175852,,50400
2022-12-28 19:00:01.159000,127.1,,56176173,,
2022-12-28 19:00:01.681000,127.09,,56176384,,50401
2022-12-28 19:00:02.190000,,127.1,56176463,,
2022-12-28 19:00:02.711000,,,56177212,,50402
2022-12-28 19:00:03.220000,,,56177617,,50403
2022-12-28 19:00:03.746000,,,56177631,,
2022-12-28 19:00:04.267000,127.08,127.09,56179273,,50404
2022-12-28 19:00:04.813000,127.07,127.08,56179612,,
2022-12-28 19:00:05.333000,127.08,127.09,56179699,,50405
2022-12-28 19:00:05.853000,127.07,127.08,56181202,,
2022-12-28 19:00:06.368000,,,56181410,,50406
2022-12-28 19:00:06.876000,127.06,,56181837,,
2022-12-28 19:00:07.398000,,,56182342,,50407
2022-12-28 19:00:07.938000,127.07,,56182361,,
2022-12-28 19:00:08.452000,127.06,127.07,56183929,,
2022-12-28 19:00:08.957000,127.08,127.09,56184359,,50408
2022-12-28 19:00:09.495000,127.1,127.11,56184787,,50409
2022-12-28 19:00:10.013000,127.09,127.1,56184883,,
2022-12-28 19:00:10.537000,127.1,127.11,56185015,,50410
2022-12-28 19:00:11.059000,127.11,127.12,56187667,,
2022-12-28 19:00:11.599000,127.13,127.14,56188286,,50411
2022-12-28 19:00:12.119000,127.14,127.15,56188983,,
2022-12-28 19:00:12.636000,127.13,,56189246,,50412
2022-12-28 19:00:13.137000,127.14,,56190795,,
2022-12-28 19:00:13.648000,127.12,127.13,56192162,,50413
2022-12-28 19:00:14.167000,127.1,127.11,56193252,,
2022-12-28 19:00:14.682000,127.11,127.12,56194144,,50414
2022-12-28 19:00:15.185000,127.12,127.13,56195360,,
2022-12-28 19:00:15.703000,,,56195394,,50415
2022-12-28 19:00:16.217000,,,56196009,,50416
2022-12-28 19:00:16.746000,,,56196242,,
2022-12-28 19:00:17.275000,,,56196243,,50417
2022-12-28 19:00:17.786000,127.11,127.12,56196607,,
2022-12-28 19:00:18.329000,,,56196710,,50418
2022-12-28 19:00:18.865000,,,56196742,,
2022-12-28 19:00:19.382000,,,56196914,,50419
2022-12-28 19:00:19.896000,,,56196939,,
2022-12-28 19:00:20.411000,127.1,127.11,56198320,,50420
2022-12-28 19:00:20.980000,,,56198503,,
2022-12-28 19:00:21.502000,,,56199355,,
2022-12-28 19:00:22.021000,127.09,127.1,56199930,,50421
2022-12-28 19:00:22.528000,127.08,127.09,56201697,,50422
2022-12-28 19:00:23.066000,,,56201698,,
2022-12-28 19:00:23.586000,,,56201709,,50423
2022-12-28 19:00:24.129000,,,56201711,,
2022-12-28 19:00:24.665000,127.1,127.11,56202425,,50424
2022-12-28 19:00:25.208000,,127.12,56203188,,50425
2022-12-28 19:00:25.721000,127.07,127.08,56215654,,
2022-12-28 19:00:26.260000,127.06,127.07,56215877,,50426
2022-12-28 19:00:26.783000,,,56216070,,
2022-12-28 19:00:27.330000,127.05,127.06,56216580,,50427
2022-12-28 19:00:27.865000,127.06,127.07,56217353,,
2022-12-28 19:00:28.424000,127.05,,56217615,,50428
2022-12-28 19:00:28.930000,127.06,,56217624,,
2022-12-28 19:00:29.457000,127.07,127.08,56222582,,50429
2022-12-28 19:00:29.961000,127.08,127.09,56223210,,
2022-12-28 19:00:30.521000,127.09,127.1,56223482,,50430
2022-12-28 19:00:31.022000,,127.11,56225894,,
2022-12-28 19:00:31.530000,127.08,127.1,56225908,,50431
2022-12-28 19:00:32.043000,,127.09,,,
2022-12-28 19:00:32.565000,,,56225915,,50432
2022-12-28 19:00:33.068000,127.1,127.12,56228428,,
2022-12-28 19:00:33.599000,127.08,127.09,56233479,,50433
2022-12-28 19:00:34.120000,,,56234066,,
2022-12-28 19:00:34.662000,,,56234177,,50434
2022-12-28 19:00:35.166000,127.09,127.1,56234500,,
2022-12-28 19:00:35.698000,127.12,127.13,56237395,,50435
2022-12-28 19:00:36.219000,127.11,127.12,56237512,,50436
2022-12-28 19:00:36.735000,,127.13,56237730,,
2022-12-28 19:00:37.251000,127.1,127.11,56237865,,50437
2022-12-28 19:00:37.790000,,,56237964,,
2022-12-28 19:00:38.327000,,,56237996,,
2022-12-28 19:00:38.875000,127.09,127.1,56239210,,50438
2022-12-28 19:00:39.378000,,,56239402,,50439
2022-12-28 19:00:39.909000,,,56240104,,
2022-12-28 19:00:40.426000,,,56240404,,50440
2022-12-28 19:00:40.972000,127.1,127.11,56241460,,
2022-12-28 19:00:41.497000,127.09,127.1,56241789,,50441
2022-12-28 19:00:42.006000,127.1,127.11,56241850,,
2022-12-28 19:00:42.546000,,,56242754,,50442
2022-12-28 19:00:43.066000,127.11,127.13,56243347,,
2022-12-28 19:00:43.567000,127.1,127.11,56243563,,50443
2022-12-28 19:00:44.088000,,127.12,56244913,,
2022-12-28 19:00:44.603000,,127.11,56245218,,50444
2022-12-28 19:00:45.150000,,127.12,56245260,,
2022-12-28 19:00:45.662000,,127.11,56245860,,50445
2022-12-28 19:00:46.203000,,,56247422,,
2022-12-28 19:00:46.776000,127.11,127.13,56248045,,50446
2022-12-28 19:00:47.315000,127.1,127.12,56248058,,50447
2022-12-28 19:00:47.861000,127.11,,56248061,,
2022-12-28 19:00:48.380000,,,56248549,,50448
2022-12-28 19:00:49.215000,,,56248550,,50449
2022-12-28 19:00:49.754000,,,56248709,,
2022-12-28 19:00:50.260000,,,56248711,,
2022-12-28 19:00:50.808000,,,56248715,,50450
2022-12-28 19:00:51.322000,,,56248891,,
2022-12-28 19:00:51.864000,127.1,127.11,56250527,,50451
2022-12-28 19:00:52.404000,,127.12,56250595,,50452
2022-12-28 19:00:52.992000,,127.11,56250647,,
2022-12-28 19:00:53.532000,,,56250661,,50453
2022-12-28 19:00:54.055000,127.08,127.09,56252691,,
2022-12-28 19:00:54.575000,,,56253246,,50454
2022-12-28 19:00:55.112000,,,56253248,,
2022-12-28 19:00:55.658000,127.07,127.08,56258651,,50455
2022-12-28 19:00:56.196000,127.08,127.09,56259315,,
2022-12-28 19:00:56.738000,,,56260057,,50456
2022-12-28 19:00:57.248000,,,56260817,,
2022-12-28 19:00:57.755000,,,56260976,,50457
2022-12-28 19:00:58.301000,,,56261180,,
2022-12-28 19:00:58.811000,,,56261195,,50458
2022-12-28 19:00:59.325000,,,56261199,,50459
2022-12-28 19:00:59.862000,127.09,127.1,56262132,,
2022-12-28 19:01:00.397000,127.07,127.09,56262506,,50460
2022-12-28 19:01:00.902000,,127.08,56266115,,
2022-12-28 19:01:01.404000,,,56266118,,50461
2022-12-28 19:01:01.908000,,,56266660,,
2022-12-28 19:01:02.454000,,,56266764,,50462
2022-12-28 19:01:02.990000,127.06,127.07,56268796,,
2022-12-28 19:01:03.511000,,,56268948,,50463
2022-12-28 19:01:04.033000,,,56270179,,
2022-12-28 19:01:04.568000,,,56270182,,50464
2022-12-28 19:01:05.116000,127.05,127.06,56273345,,
2022-12-28 19:01:05.640000,,,56277081,,50465
2022-12-28 19:01:06.166000,127.04,127.05,56277408,,
2022-12-28 19:01:06.688000,127.03,127.04,56278070,,50466
2022-12-28 19:01:07.193000,127.02,127.03,56278708,,
2022-12-28 19:01:07.696000,,,56281565,,50467
2022-12-28 19:01:08.200000,,127.04,56282366,,
2022-12-28 19:01:08.703000,,127.03,56283728,,50468
2022-12-28 19:01:09.250000,,,56283871,,50469
2022-12-28 19:01:09.771000,,,56284518,,
2022-12-28 19:01:10.288000,,,56284546,,
2022-12-28 19:01:10.811000,,,56284721,,
2022-12-28 19:01:11.341000,,127.04,56285923,,50471
2022-12-28 19:01:11.887000,,127.03,56288101,,
2022-12-28 19:01:12.429000,,127.04,56288787,,50472
2022-12-28 19:01:12.950000,,127.03,,,
2022-12-28 19:01:13.462000,,127.04,56289618,,50473
2022-12-28 19:01:14.009000,127.04,127.05,56293545,,
2022-12-28 19:01:14.514000,127.03,127.04,56293546,,50474
2022-12-28 19:01:15.059000,,,56293547,,
2022-12-28 19:01:15.604000,,,56293986,,50475
2022-12-28 19:01:16.109000,127.02,,56294182,,
2022-12-28 19:01:16.626000,,,56294357,,50476
2022-12-28 19:01:17.128000,127.03,,56298561,,
2022-12-28 19:01:17.639000,,127.05,56299176,,50477
2022-12-28 19:01:18.156000,,127.04,56299945,,
2022-12-28 19:01:18.690000,,,56300410,,50478
2022-12-28 19:01:19.192000,,,56300428,,
2022-12-28 19:01:19.740000,127.04,127.06,56301471,,50479
2022-12-28 19:01:20.246000,,127.05,56301571,,50480
2022-12-28 19:01:20.756000,,,56303274,,
2022-12-28 19:01:21.287000,,,56303376,,50481
2022-12-28 19:01:21.834000,127.03,127.04,56304819,,
2022-12-28 19:01:22.377000,,127.05,56304905,,50482
2022-12-28 19:01:22.908000,,127.04,56305223,,
2022-12-28 19:01:23.410000,,127.05,56306070,,50483
2022-12-28 19:01:23.928000,,,56306615,,
2022-12-28 19:01:24.451000,127.02,127.03,56310315,,50484
2022-12-28 19:01:24.966000,127,127.01,56311527,,
2022-12-28 19:01:25.505000,,,56315007,,50485
2022-12-28 19:01:26.043000,127.02,127.03,56315686,,
2022-12-28 19:01:26.545000,,,56316540,,50486
2022-12-28 19:01:27.049000,127.01,,56316662,,
2022-12-28 19:01:27.569000,127.02,,56316932,,50487
2022-12-28 19:01:28.101000,,,56317741,,
2022-12-28 19:01:28.603000,,,56317859,,50488
2022-12-28 19:01:29.133000,127,127.01,56321833,,
2022-12-28 19:01:29.651000,,,56323756,,50489
2022-12-28 19:01:30.154000,,,56323858,,
2022-12-28 19:01:30.697000,,,56323981,,50490
2022-12-28 19:01:31.233000,,,56324046,,50491
2022-12-28 19:01:31.743000,,,56324073,,
2022-12-28 19:01:32.284000,,,56324420,,50492
2022-12-28 19:01:32.801000,,,56327476,,
2022-12-28 19:01:33.308000,,,56328062,,50493
2022-12-28 19:01:33.857000,,,56328063,,
2022-12-28 19:01:34.387000,,,56328065,,50494
2022-12-28 19:01:34.898000,127.01,127.03,56329298,,
2022-12-28 19:01:35.414000,127.02,,56329319,,50495
2022-12-28 19:01:35.936000,127.03,127.04,56330844,,
2022-12-28 19:01:36.454000,,,56330906,,50496
2022-12-28 19:01:36.973000,127.04,127.06,56333096,,
2022-12-28 19:01:37.488000,127.03,127.04,56334197,,50497
2022-12-28 19:01:37.991000,,127.05,56334759,,
2022-12-28 19:01:38.538000,127.04,127.06,56335182,,50498
2022-12-28 19:01:39.092000,,127.05,56336388,,
2022-12-28 19:01:39.615000,,,56336607,,50499
2022-12-28 19:01:40.128000,127.05,127.06,56338808,,
2022-12-28 19:01:40.649000,127.04,127.05,56344637,,50500
2022-12-28 19:01:41.186000,,,56344640,,
2022-12-28 19:01:41.694000,,,56344926,,50501
2022-12-28 19:01:42.195000,,,56344954,,
2022-12-28 19:01:42.705000,,,56345068,,
2022-12-28 19:01:43.254000,127.03,127.04,56348825,,50503
2022-12-28 19:01:43.787000,,,56348848,,
2022-12-28 19:01:44.290000,,,56352100,,50504
2022-12-28 19:01:44.792000,,,56352230,,
2022-12-28 19:01:45.300000,,,56352241,,50505
2022-12-28 19:01:45.811000,,,56352253,,
2022-12-28 19:01:46.313000,,,56352289,,50506
2022-12-28 19:01:46.831000,127.02,127.03,56352600,,
2022-12-28 19:01:47.549000,,,56354085,,50507
2022-12-28 19:01:48.076000,,,56354965,,
2022-12-28 19:01:48.586000,,,56355186,,50508
2022-12-28 19:01:49.102000,127.01,127.02,56368877,,
2022-12-28 19:01:49.603000,,,56368897,,50509
2022-12-28 19:01:50.134000,,127.03,56369714,,
2022-12-28 19:01:50.671000,,127.02,56369848,,50510
2022-12-28 19:01:51.197000,,,56369898,,
2022-12-28 19:01:51.706000,,,56369941,,50511
2022-12-28 19:01:52.228000,,,56371945,,
2022-12-28 19:01:52.737000,,,56371947,,50512
2022-12-28 19:01:53.282000,,,56372252,,50513
2022-12-28 19:01:53.810000,,,56372311,,
2022-12-28 19:01:54.338000,,,56372372,,50514
2022-12-28 19:01:54.886000,,,56372383,,
2022-12-28 19:01:55.412000,127.02,127.03,56374614,,50515
2022-12-28 19:01:55.959000,127.01,127.02,56383260,,
2022-12-28 19:01:56.484000,127.02,127.04,56384175,,50516
2022-12-28 19:01:57.002000,127.03,,56384641,,
2022-12-28 19:01:57.533000,,,56386044,,50517
2022-12-28 19:01:58.078000,,,56386458,,
2022-12-28 19:01:58.620000,,,56386506,,50518
2022-12-28 19:01:59.133000,,,56386654,,
2022-12-28 19:01:59.651000,,,56386655,,50519
2022-12-28 19:02:00.169000,,,56386669,,
2022-12-28 19:02:00.717000,127.04,127.05,56388110,,50520
2022-12-28 19:02:01.225000,127.03,127.04,56388111,,
2022-12-28 19:02:01.737000,,,56388480,,50521
2022-12-28 19:02:02.255000,127.02,127.03,56389629,,50522
2022-12-28 19:02:02.769000,,,56389911,,
2022-12-28 19:02:03.284000,,,56389913,,50523
2022-12-28 19:02:03.814000,,127.04,56390566,,
2022-12-28 19:02:04.326000,,127.03,56391073,,50524
2022-12-28 19:02:04.843000,127.01,127.02,56393243,,
2022-12-28 19:02:05.349000,127,127.01,56394486,,50525
2022-12-28 19:02:05.869000,,,56394687,,
2022-12-28 19:02:06.394000,126.99,127,56396891,,50526
2022-12-28 19:02:06.927000,,,56397159,,
2022-12-28 19:02:07.433000,126.98,126.99,56397810,,50527
2022-12-28 19:02:07.946000,,127,56398488,,
2022-12-28 19:02:08.488000,,126.99,56398703,,50528
2022-12-28 19:02:09.016000,,,56399416,,
2022-12-28 19:02:09.541000,,,56399489,,50529
2022-12-28 19:02:10.072000,,,56399697,,
2022-12-28 19:02:10.594000,126.97,126.98,56403049,,50530
2022-12-28 19:02:11.114000,,,56404208,,
2022-12-28 19:02:11.636000,126.95,126.96,56408612,,50531
2022-12-28 19:02:12.152000,,,56408786,,
2022-12-28 19:02:12.661000,126.94,126.95,56409981,,50532
2022-12-28 19:02:13.173000,,,56411084,,
2022-12-28 19:02:13.677000,,,56413051,,50533
2022-12-28 19:02:14.198000,,,56413399,,
2022-12-28 19:02:14.721000,,,56414094,,50534
2022-12-28 19:02:15.238000,,,56416357,,
2022-12-28 19:02:15.785000,,,56417671,,50535
2022-12-28 19:02:16.310000,,,56418176,,50536
2022-12-28 19:02:16.823000,,,56418232,,
2022-12-28 19:02:17.338000,,,56418259,,
2022-12-28 19:02:17.865000,,,56418370,,
2022-12-28 19:02:18.377000,,,56418393,,50538
2022-12-28 19:02:18.891000,,,56418498,,
2022-12-28 19:02:19.438000,,,56418699,,50539
2022-12-28 19:02:19.977000,,,56419256,,
2022-12-28 19:02:20.498000,126.93,,56423315,,50540
2022-12-28 19:02:21.016000,126.94,,56423482,,
2022-12-28 19:02:21.533000,126.95,126.96,56424613,,50541
2022-12-28 19:02:22.044000,,,56425003,,
2022-12-28 19:02:22.551000,,,56425514,,50542
2022-12-28 19:02:23.095000,,,56426162,,
2022-12-28 19:02:23.628000,126.96,126.97,56426641,,50543
2022-12-28 19:02:24.159000,,,56426691,,
2022-12-28 19:02:24.667000,,,56426727,,50544
2022-12-28 19:02:25.205000,,,56426891,,
2022-12-28 19:02:25.713000,,,56426896,,50545
2022-12-28 19:02:26.219000,126.98,126.99,56431364,,
2022-12-28 19:02:26.756000,,,56432174,,50546
2022-12-28 19:02:27.300000,,,56432335,,50547
2022-12-28 19:02:27.818000,,,56432536,,
2022-12-28 19:02:28.352000,,,56432544,,50548
2022-12-28 19:02:28.874000,,,56432770,,
2022-12-28 19:02:29.416000,,,56432873,,50549
2022-12-28 19:02:29.962000,,127,56433667,,
2022-12-28 19:02:30.477000,126.97,126.98,56435146,,50550
2022-12-28 19:02:31,,,56435256,,
2022-12-28 19:02:31.501000,,,56435259,,50551
2022-12-28 19:02:32.036000,,,56435519,,
2022-12-28 19:02:32.553000,126.96,126.97,56436238,,50552
2022-12-28 19:02:33.097000,126.97,126.98,56436364,,
2022-12-28 19:02:33.610000,,,56436527,,50553
2022-12-28 19:02:34.145000,,,56436636,,
2022-12-28 19:02:34.679000,,,56436642,,50554
2022-12-28 19:02:35.193000,,,56436955,,
2022-12-28 19:02:35.717000,,,56437045,,50555
2022-12-28 19:02:36.235000,126.95,126.96,56444740,,
2022-12-28 19:02:36.743000,126.97,126.98,56445251,,50556
2022-12-28 19:02:37.287000,,,56445271,,50557
2022-12-28 19:02:37.789000,,,56445308,,
2022-12-28 19:02:38.322000,126.98,127,56446157,,50558
2022-12-28 19:02:38.849000,126.99,,56447098,,
2022-12-28 19:02:39.391000,126.98,,56447718,,50559
2022-12-28 19:02:39.895000,,,56447752,,
2022-12-28 19:02:40.423000,,,56447870,,50560
2022-12-28 19:02:40.927000,,,56448109,,
2022-12-28 19:02:41.438000,,126.99,56448150,,50561
2022-12-28 19:02:41.953000,,,56448153,,
2022-12-28 19:02:42.454000,,,56448160,,
2022-12-28 19:02:42.977000,,,56448195,,50562
2022-12-28 19:02:43.502000,,,56448255,,50563
2022-12-28 19:02:44.006000,,,56448414,,
2022-12-28 19:02:44.532000,,,56449660,,50564
2022-12-28 19:02:45.072000,,,56449851,,
2022-12-28 19:02:45.612000,,,56449997,,50565
2022-12-28 19:02:46.149000,,,56450046,,
2022-12-28 19:02:46.655000,,,56450620,,50566
2022-12-28 19:02:47.183000,,,56450743,,
2022-12-28 19:02:47.694000,,,56450748,,50567
2022-12-28 19:02:48.217000,126.97,126.98,56452407,,
2022-12-28 19:02:48.730000,,,56452418,,50568
2022-12-28 19:02:49.237000,,,56452729,,
2022-12-28 19:02:49.779000,,,56452860,,50569
2022-12-28 19:02:50.296000,,,56452911,,50570
2022-12-28 19:02:50.843000,,,56453084,,
2022-12-28 19:02:51.360000,,,,,50571
2022-12-28 19:02:51.896000,,,56453090,,
2022-12-28 19:02:52.401000,,,56453378,,50572
2022-12-28 19:02:52.911000,,,56453451,,
2022-12-28 19:02:53.425000,,,56454122,,50573
2022-12-28 19:02:53.937000,,,56454123,,
2022-12-28 19:02:54.446000,,,56454125,,50574
2022-12-28 19:02:54.965000,,,56454915,,
2022-12-28 19:02:55.481000,,,56457024,,50575
2022-12-28 19:02:56.004000,126.96,126.97,56457855,,
2022-12-28 19:02:56.515000,,,56458080,,
2022-12-28 19:02:57.023000,,,56458824,,50576
2022-12-28 19:02:57.556000,,,56458831,,50577
2022-12-28 19:02:58.068000,,,56459836,,
2022-12-28 19:02:58.569000,,,56460841,,50578
2022-12-28 19:02:59.094000,,,56461180,,
2022-12-28 19:02:59.631000,,,56462376,,50579
2022-12-28 19:03:00.133000,126.98,126.99,56463807,,
2022-12-28 19:03:00.669000,126.99,127,56464759,,50580
2022-12-28 19:03:01.218000,,,56464771,,
2022-12-28 19:03:01.729000,126.98,126.99,56466578,,50581
2022-12-28 19:03:02.248000,,,56466953,,
2022-12-28 19:03:02.753000,126.97,,56467372,,50582
2022-12-28 19:03:03.289000,,126.98,56467799,,50583
2022-12-28 19:03:03.796000,,,56468002,,
2022-12-28 19:03:04.300000,,,56468193,,50584
2022-12-28 19:03:04.836000,,,56468323,,
2022-12-28 19:03:05.347000,,,56468540,,50585
2022-12-28 19:03:05.854000,,,56468662,,
2022-12-28 19:03:06.398000,,,56468676,,50586
2022-12-28 19:03:06.918000,127,127.01,56471275,,
2022-12-28 19:03:07.426000,,,56474775,,50587
2022-12-28 19:03:07.961000,,127.02,56475259,,
2022-12-28 19:03:08.481000,,127.01,56477340,,50588
2022-12-28 19:03:08.992000,,127.02,56477523,,
2022-12-28 19:03:09.496000,,127.01,56477686,,50589
2022-12-28 19:03:10.038000,127.02,127.04,56480252,,
2022-12-28 19:03:10.581000,,,56480737,,50590
2022-12-28 19:03:11.101000,127.03,,56482287,,
2022-12-28 19:03:11.627000,,,56482487,,50591
2022-12-28 19:03:12.132000,,127.05,56482970,,
2022-12-28 19:03:12.672000,127.05,127.06,56485438,,50592
2022-12-28 19:03:13.202000,127.03,127.04,56486843,,
2022-12-28 19:03:13.713000,,,56487470,,50593
2022-12-28 19:03:14.261000,,,56487476,,
2022-12-28 19:03:14.782000,127.02,127.03,56488926,,50594
2022-12-28 19:03:15.285000,127.01,127.02,56490099,,50595
2022-12-28 19:03:15.819000,,,56490447,,
2022-12-28 19:03:16.337000,,,56490449,,50596
2022-12-28 19:03:16.855000,127.02,127.04,56491862,,
2022-12-28 19:03:17.371000,,127.03,56491863,,50597
2022-12-28 19:03:17.893000,127,127.01,56493007,,
2022-12-28 19:03:18.440000,,,56496819,,50598
2022-12-28 19:03:18.944000,,,56496825,,
2022-12-28 19:03:19.468000,,,56496982,,
2022-12-28 19:03:19.989000,,,56497034,,50599
2022-12-28 19:03:20.503000,126.98,126.99,56498533,,50600
2022-12-28 19:03:21.035000,,,56499059,,
2022-12-28 19:03:21.545000,,,56499068,,50601
2022-12-28 19:03:22.069000,,,56499168,,
2022-12-28 19:03:22.585000,,,56499214,,50602
2022-12-28 19:03:23.108000,,,56499320,,
2022-12-28 19:03:23.620000,126.99,127,56500121,,50603
2022-12-28 19:03:24.143000,,,56500125,,
2022-12-28 19:03:24.652000,,,56500159,,50604
2022-12-28 19:03:25.173000,,,56500226,,
2022-12-28 19:03:25.719000,,,56500370,,50605
2022-12-28 19:03:26.244000,,,56500654,,
2022-12-28 19:03:26.768000,,,56500661,,50606
2022-12-28 19:03:27.274000,,,56504564,,
2022-12-28 19:03:27.814000,,,56504573,,50607
2022-12-28 19:03:28.351000,127.01,127.02,56507991,,50608
2022-12-28 19:03:28.879000,,,56507993,,
2022-12-28 19:03:29.393000,,,56508043,,50609
2022-12-28 19:03:29.931000,,,56514294,,
2022-12-28 19:03:30.462000,,,56514900,,50610
2022-12-28 19:03:31,,127.03,56514952,,
2022-12-28 19:03:31.526000,127.03,127.04,56515425,,50611
2022-12-28 19:03:32.068000,,,56516455,,
2022-12-28 19:03:32.592000,,,56516512,,50612
2022-12-28 19:03:33.129000,127.05,127.06,56520289,,50613
2022-12-28 19:03:33.661000,,,56520472,,
2022-12-28 19:03:34.193000,,,56520529,,
2022-12-28 19:03:34.696000,,,56520772,,50614
2022-12-28 19:03:35.202000,,,56521159,,50615
2022-12-28 19:03:35.734000,,,56521348,,
2022-12-28 19:03:36.257000,,,56522049,,
2022-12-28 19:03:36.765000,,,56522050,,50616
2022-12-28 19:03:37.268000,,,56523315,,50617
2022-12-28 19:03:37.772000,127.06,127.08,56525469,,
2022-12-28 19:03:38.285000,127.07,,56525471,,
2022-12-28 19:03:38.790000,,,56525971,,50618
2022-12-28 19:03:39.337000,,,,,50619
2022-12-28 19:03:39.902000,,,56526177,,
2022-12-28 19:03:40.441000,127.08,127.09,56527477,,50620
2022-12-28 19:03:40.989000,,,56528378,,
2022-12-28 19:03:41.496000,,,56529141,,50621
2022-12-28 19:03:42,,,56531599,,
2022-12-28 19:03:42.523000,127.09,127.1,56532177,,50622
2022-12-28 19:03:43.035000,,,56532480,,
2022-12-28 19:03:43.554000,,,56532987,,50623
2022-12-28 19:03:44.074000,127.1,127.11,56538229,,50624
2022-12-28 19:03:44.598000,127.11,127.12,56540443,,
2022-12-28 19:03:45.114000,127.12,127.13,56545081,,50625
2022-12-28 19:03:45.618000,127.11,127.12,56545962,,
2022-12-28 19:03:46.129000,,,56546105,,
2022-12-28 19:03:46.651000,127.1,127.11,56546559,,50626
2022-12-28 19:03:47.172000,,,56546671,,
2022-12-28 19:03:47.699000,,,56547782,,50627
2022-12-28 19:03:48.207000,,,56548194,,
2022-12-28 19:03:48.783000,,,56548580,,50628
2022-12-28 19:03:49.289000,,,56548584,,
2022-12-28 19:03:49.820000,127.13,127.14,56549885,,50629
2022-12-28 19:03:50.343000,,,56550007,,50630
2022-12-28 19:03:50.855000,,,56550730,,
2022-12-28 19:03:51.394000,127.11,127.13,56552009,,50631
2022-12-28 19:03:51.910000,,127.12,56552265,,
2022-12-28 19:03:52.453000,,,56553668,,50632
2022-12-28 19:03:52.976000,,,56553774,,
2022-12-28 19:03:53.489000,,,56554575,,50633
2022-12-28 19:03:54.004000,127.12,127.13,56557246,,
2022-12-28 19:03:54.511000,,,56557647,,50634
2022-12-28 19:03:55.033000,127.13,127.14,56558349,,
2022-12-28 19:03:55.546000,,,56558448,,50635
2022-12-28 19:03:56.084000,,,56558787,,50636
2022-12-28 19:03:56.590000,,,56558789,,
2022-12-28 19:03:57.119000,,,56560133,,
2022-12-28 19:03:57.625000,,,56560283,,50637
2022-12-28 19:03:58.133000,,,56560422,,50638
2022-12-28 19:03:58.638000,127.12,127.13,56562644,,
2022-12-28 19:03:59.145000,127.13,127.14,56562875,,50639
2022-12-28 19:03:59.653000,127.12,127.13,56562908,,
2022-12-28 19:04:00.168000,,,56563292,,50640
2022-12-28 19:04:00.685000,,,56563402,,
2022-12-28 19:04:01.203000,,,56563407,,50641
2022-12-28 19:04:01.745000,127.14,127.15,56565376,,
2022-12-28 19:04:02.291000,127.15,127.16,56567085,,
2022-12-28 19:04:02.833000,,,56567180,,50642
2022-12-28 19:04:03.359000,,,56568125,,50643
2022-12-28 19:04:03.865000,127.14,127.15,56569726,,
2022-12-28 19:04:04.407000,,,56570402,,50644
2022-12-28 19:04:04.952000,127.15,127.16,56572083,,
2022-12-28 19:04:05.467000,127.16,127.17,56574251,,50645
2022-12-28 19:04:05.985000,,,56574692,,
2022-12-28 19:04:06.497000,127.15,127.16,56581307,,50646
2022-12-28 19:04:07.026000,,,56581608,,
2022-12-28 19:04:07.535000,127.14,127.15,56583268,,50647
2022-12-28 19:04:08.058000,127.15,127.16,56584176,,50648
2022-12-28 19:04:08.584000,,,56585300,,
2022-12-28 19:04:09.121000,,,56585549,,
2022-12-28 19:04:09.642000,,,56585606,,50649
2022-12-28 19:04:10.179000,,,56586857,,
2022-12-28 19:04:10.693000,,,56587929,,50650
2022-12-28 19:04:11.238000,127.14,127.15,56588504,,
2022-12-28 19:04:11.777000,,,56590099,,
2022-12-28 19:04:12.286000,,127.16,56590588,,50651
2022-12-28 19:04:12.804000,,,56590724,,50652
2022-12-28 19:04:13.332000,,,56591141,,50653
2022-12-28 19:04:13.857000,,127.15,56591143,,
2022-12-28 19:04:14.360000,127.15,127.16,56592949,,50654
2022-12-28 19:04:14.897000,,,56593065,,
2022-12-28 19:04:15.417000,,,56593076,,50655
2022-12-28 19:04:15.928000,127.14,127.15,56595391,,
2022-12-28 19:04:16.441000,,,56595393,,50656
2022-12-28 19:04:16.951000,127.15,127.16,56595594,,
2022-12-28 19:04:17.487000,127.14,,56595600,,50657
2022-12-28 19:04:18.028000,,,56595944,,
2022-12-28 19:04:18.536000,127.15,,56595955,,
2022-12-28 19:04:19.043000,,,56597961,,50658
2022-12-28 19:04:20.063000,127.14,127.15,56599629,,50660
2022-12-28 19:04:20.584000,127.13,127.14,56602114,,
2022-12-28 19:04:21.086000,,,56602309,,50661
2022-12-28 19:04:21.621000,,,56602411,,
2022-12-28 19:04:22.137000,,,56603275,,
2022-12-28 19:04:22.677000,,,56605464,,50662
2022-12-28 19:04:23.201000,,,56606887,,50663
2022-12-28 19:04:23.710000,127.14,127.15,56607803,,
2022-12-28 19:04:24.220000,,,56609508,,50664
2022-12-28 19:04:24.756000,127.16,127.17,56611267,,
2022-12-28 19:04:25.268000,127.15,127.16,56611677,,50665
2022-12-28 19:04:25.813000,,127.17,56611889,,
2022-12-28 19:04:26.325000,,127.16,56611997,,50666
2022-12-28 19:04:26.845000,127.16,127.17,56613418,,
2022-12-28 19:04:27.366000,,,56613753,,50667
2022-12-28 19:04:27.884000,,,56614906,,
2022-12-28 19:04:28.391000,,,56614962,,
2022-12-28 19:04:28.895000,,,56614982,,50668
2022-12-28 19:04:29.443000,,,56615152,,50669
2022-12-28 19:04:29.966000,127.17,127.18,56615737,,
2022-12-28 19:04:30.507000,127.16,127.17,56616991,,50670
2022-12-28 19:04:31.030000,,,56617970,,
2022-12-28 19:04:31.564000,,,56618699,,50671
2022-12-28 19:04:32.096000,,,56618901,,
2022-12-28 19:04:32.630000,,,56619503,,50672
2022-12-28 19:04:33.132000,,,56621609,,
2022-12-28 19:04:33.646000,127.17,127.18,56623214,,50673
2022-12-28 19:04:34.171000,,,56623539,,50674
2022-12-28 19:04:34.693000,127.15,127.16,56626145,,
2022-12-28 19:04:35.209000,127.13,127.15,56629031,,50675
2022-12-28 19:04:35.716000,127.14,,56631355,,
2022-12-28 19:04:36.219000,,,56631467,,
2022-12-28 19:04:36.738000,,,56632191,,50676
2022-12-28 19:04:37.249000,,,56632303,,
2022-12-28 19:04:37.760000,,,56633254,,50677
2022-12-28 19:04:38.276000,,,56633264,,
2022-12-28 19:04:38.818000,,,56633792,,50678
2022-12-28 19:04:39.323000,,,56634111,,50679
2022-12-28 19:04:39.850000,,,56634124,,
2022-12-28 19:04:40.378000,127.16,127.17,56635246,,50680
2022-12-28 19:04:40.919000,127.17,127.18,56635401,,
2022-12-28 19:04:41.462000,,,56635504,,50681
2022-12-28 19:04:41.963000,,,56636542,,
2022-12-28 19:04:42.492000,,,56636703,,
2022-12-28 19:04:43.040000,,,56636788,,
2022-12-28 19:04:43.546000,,,56637179,,50683
2022-12-28 19:04:44.080000,127.15,127.17,56641233,,50684
2022-12-28 19:04:44.613000,127.14,127.15,56642079,,
2022-12-28 19:04:45.135000,,,56642682,,50685
2022-12-28 19:04:45.637000,127.13,127.14,56644243,,
2022-12-28 19:04:46.181000,127.15,127.17,56644693,,50686
2022-12-28 19:04:46.730000,,127.16,56644695,,
2022-12-28 19:04:47.239000,127.13,127.15,56645247,,50687
2022-12-28 19:04:47.749000,127.14,,56646134,,
2022-12-28 19:04:48.253000,127.13,,56646666,,
2022-12-28 19:04:48.776000,127.12,127.13,56647211,,50688
2022-12-28 19:04:49.319000,,,56647229,,
2022-12-28 19:04:49.834000,,,56650536,,50689
2022-12-28 19:04:50.377000,,,56651248,,50690
2022-12-28 19:04:50.902000,,,56651667,,
2022-12-28 19:04:51.419000,,,56651702,,50691
2022-12-28 19:04:51.988000,,,56651833,,
2022-12-28 19:04:52.535000,,127.14,56652939,,50692
2022-12-28 19:04:53.072000,,127.13,56653148,,50693
2022-12-28 19:04:53.587000,,127.14,56653666,,
2022-12-28 19:04:54.110000,,,56653749,,
2022-12-28 19:04:54.633000,127.13,,56653857,,50694
2022-12-28 19:04:55.153000,127.12,127.13,56653873,,50695
2022-12-28 19:04:55.697000,127.14,127.15,56655815,,
2022-12-28 19:04:56.234000,,,56656178,,
2022-12-28 19:04:56.741000,,,56656352,,
2022-12-28 19:04:57.285000,,,56656382,,
2022-12-28 19:04:57.804000,127.15,127.16,56656784,,50697
2022-12-28 19:04:58.339000,,,56656902,,
2022-12-28 19:04:58.842000,,,56656963,,50698
2022-12-28 19:04:59.354000,,,56656983,,50699
2022-12-28 19:04:59.862000,,,56657046,,
2022-12-28 19:05:00.363000,,,56660072,,50700
2022-12-28 19:05:00.869000,,,56660312,,
2022-12-28 19:05:01.381000,,,56660533,,50701
2022-12-28 19:05:01.886000,,,56660839,,
2022-12-28 19:05:02.435000,,,56660840,,
2022-12-28 19:05:02.945000,,,56660869,,50702
2022-12-28 19:05:03.458000,,,56662825,,50703
2022-12-28 19:05:03.980000,127.14,127.15,56662854,,
2022-12-28 19:05:04.523000,,,56662932,,50704
2022-12-28 19:05:05.042000,127.11,127.12,56665328,,
2022-12-28 19:05:05.578000,,,56666217,,50705
2022-12-28 19:05:06.102000,127.13,127.14,56666502,,
2022-12-28 19:05:06.627000,127.12,127.13,56666555,,50706
2022-12-28 19:05:07.152000,,,56666801,,
2022-12-28 19:05:07.669000,,,56666840,,50707
2022-12-28 19:05:08.177000,,,56667721,,
2022-12-28 19:05:08.701000,,,56667812,,50708
2022-12-28 19:05:09.214000,,,56668044,,
2022-12-28 19:05:09.747000,127.13,127.14,56668404,,50709
2022-12-28 19:05:10.252000,,,56668409,,50710
2022-12-28 19:05:10.791000,,,56668446,,
2022-12-28 19:05:11.316000,,,56669919,,
2022-12-28 19:05:11.842000,,,56670001,,50711
2022-12-28 19:05:12.354000,,,56670353,,50712
2022-12-28 19:05:12.896000,,,56670504,,
2022-12-28 19:05:13.405000,127.12,127.13,56672721,,50713
2022-12-28 19:05:13.931000,,127.14,56672722,,
2022-12-28 19:05:14.478000,127.13,,56672723,,50714
2022-12-28 19:05:15.009000,,,56673224,,
2022-12-28 19:05:15.517000,,,56673457,,50715
2022-12-28 19:05:16.064000,127.12,127.13,56674819,,
2022-12-28 19:05:16.574000,,127.14,56675265,,
2022-12-28 19:05:17.099000,127.13,,56675423,,50717
2022-12-28 19:05:17.613000,,,56675474,,
2022-12-28 19:05:18.155000,127.14,127.15,56676896,,50718
2022-12-28 19:05:18.718000,,,56676897,,
2022-12-28 19:05:19.301000,,,56676899,,
2022-12-28 19:05:19.806000,,,56681563,,50719
2022-12-28 19:05:20.320000,,127.16,56681564,,
2022-12-28 19:05:20.835000,127.15,,56682212,,50720
2022-12-28 19:05:21.346000,,,56682240,,50721
2022-12-28 19:05:21.879000,,,56682251,,
2022-12-28 19:05:22.418000,,,56682871,,50722
2022-12-28 19:05:22.958000,,,56682896,,
2022-12-28 19:05:23.486000,127.14,,56682903,,
2022-12-28 19:05:24.010000,127.15,,56682907,,50723
2022-12-28 19:05:24.521000,127.14,127.15,56683919,,50724
2022-12-28 19:05:25.053000,,,56684431,,
2022-12-28 19:05:25.600000,,,56684481,,50725
2022-12-28 19:05:26.117000,127.13,127.14,56686420,,50726
2022-12-28 19:05:26.629000,,,56686474,,
2022-12-28 19:05:27.157000,,,56687496,,50727
2022-12-28 19:05:27.679000,127.11,127.12,56689820,,
2022-12-28 19:05:28.198000,127.1,127.11,56691123,,50728
2022-12-28 19:05:28.699000,,,56693227,,
2022-12-28 19:05:29.209000,,,56693265,,50729
2022-12-28 19:05:29.737000,127.09,,56698154,,
2022-12-28 19:05:30.261000,127.1,,56698366,,50730
2022-12-28 19:05:30.778000,,,56698376,,
2022-12-28 19:05:31.298000,127.09,,56699371,,
2022-12-28 19:05:31.817000,127.1,,56699962,,50731
2022-12-28 19:05:32.337000,,,56700370,,50732
2022-12-28 19:05:32.877000,127.07,127.08,56704770,,
2022-12-28 19:05:33.394000,127.06,,56704773,,50733
2022-12-28 19:05:33.941000,127.08,127.1,56705899,,
2022-12-28 19:05:34.480000,127.07,127.09,56706770,,50734
2022-12-28 19:05:35.018000,127.08,127.1,56707187,,
2022-12-28 19:05:35.562000,,,,,50735
2022-12-28 19:05:36.067000,127.09,,56707534,,
2022-12-28 19:05:36.602000,,,56708434,,50736
2022-12-28 19:05:37.123000,127.1,127.11,56708936,,50737
2022-12-28 19:05:37.638000,127.09,127.1,56709871,,
2022-12-28 19:05:38.184000,,,56709902,,
2022-12-28 19:05:38.701000,127.08,,56712839,,50738
2022-12-28 19:05:39.222000,,127.09,56713041,,50739
2022-12-28 19:05:39.730000,127.1,127.11,56713717,,
2022-12-28 19:05:40.260000,,,56713719,,
2022-12-28 19:05:40.769000,,127.12,56713761,,50740
2022-12-28 19:05:41.295000,,127.11,56720312,,
2022-12-28 19:05:41.843000,,,56720915,,50741
2022-12-28 19:05:42.363000,,,56725485,,50742
2022-12-28 19:05:42.867000,,,56725501,,
2022-12-28 19:05:43.388000,,,56725605,,
2022-12-28 19:05:43.963000,,,56725906,,50743
2022-12-28 19:05:44.493000,,,56725912,,50744
2022-12-28 19:05:45.025000,127.12,127.13,56738264,,
2022-12-28 19:05:45.540000,127.11,127.12,56739786,,50745
2022-12-28 19:05:46.059000,,127.13,56739806,,
2022-12-28 19:05:46.586000,,127.12,56739837,,50746
2022-12-28 19:05:47.121000,,,56740538,,
2022-12-28 19:05:47.640000,,,56741143,,50747
2022-12-28 19:05:48.153000,,,56742086,,
2022-12-28 19:05:48.673000,,,56742887,,50748
2022-12-28 19:05:49.217000,,,56743362,,50749
2022-12-28 19:05:49.752000,,,56743395,,
2022-12-28 19:05:50.273000,,,56745968,,50750
2022-12-28 19:05:50.781000,,,56746492,,
2022-12-28 19:05:51.286000,,,56746794,,
2022-12-28 19:05:51.796000,,,56746801,,50751
2022-12-28 19:05:52.306000,,,56746967,,50752
2022-12-28 19:05:52.825000,,,56746970,,
2022-12-28 19:05:53.344000,,,56747953,,50753
2022-12-28 19:05:53.892000,,,56748064,,
2022-12-28 19:05:54.433000,,,56748090,,50754
2022-12-28 19:05:54.970000,,,56748092,,
2022-12-28 19:05:55.507000,127.12,127.13,56748453,,50755
2022-12-28 19:05:56.043000,127.11,,56748483,,
2022-12-28 19:05:56.546000,,,56748730,,50756
2022-12-28 19:05:57.076000,,127.12,56748856,,
2022-12-28 19:05:57.612000,,,56749860,,50757
2022-12-28 19:05:58.150000,,,56749913,,
2022-12-28 19:05:58.666000,,,56750214,,50758
2022-12-28 19:05:59.242000,,,56750217,,
2022-12-28 19:05:59.759000,,,56750218,,50759
2022-12-28 19:06:00.279000,127.09,127.1,56753859,,50760
2022-12-28 19:06:00.787000,,,56753924,,
2022-12-28 19:06:01.316000,,,56755581,,50761
2022-12-28 19:06:01.838000,,,56755869,,
2022-12-28 19:06:02.355000,,,56755898,,50762
2022-12-28 19:06:02.879000,,,56756693,,
2022-12-28 19:06:03.417000,,,56756804,,50763
2022-12-28 19:06:03.925000,,,56757965,,
2022-12-28 19:06:04.466000,,,56758279,,50764
2022-12-28 19:06:04.983000,,,56758581,,
2022-12-28 19:06:05.526000,,,56759410,,50765
2022-12-28 19:06:06.063000,,,56759412,,
2022-12-28 19:06:06.565000,127.12,127.13,56761881,,50766
2022-12-28 19:06:07.098000,,,56765133,,
2022-12-28 19:06:07.626000,,,56768005,,50767
2022-12-28 19:06:08.148000,,,56769355,,50768
2022-12-28 19:06:08.660000,,,56769456,,
2022-12-28 19:06:09.167000,,,56769490,,
2022-12-28 19:06:09.676000,,,56770425,,50769
2022-12-28 19:06:10.216000,,,56771630,,50770
2022-12-28 19:06:10.740000,,,56771659,,
2022-12-28 19:06:11.247000,,,56771697,,50771
2022-12-28 19:06:11.774000,,,56771797,,
2022-12-28 19:06:12.303000,,,56771987,,
2022-12-28 19:06:12.813000,,,56772510,,50772
2022-12-28 19:06:13.339000,127.14,127.15,56773324,,50773
2022-12-28 19:06:13.847000,127.13,,56773534,,
2022-12-28 19:06:14.396000,,127.14,56773767,,50774
2022-12-28 19:06:14.915000,,127.15,56773769,,
2022-12-28 19:06:15.460000,,,56773774,,50775
2022-12-28 19:06:15.966000,127.14,,56774285,,
2022-12-28 19:06:16.468000,,,56774287,,50776
2022-12-28 19:06:17.012000,,,56774364,,
2022-12-28 19:06:17.535000,,,56774416,,50777
2022-12-28 19:06:18.075000,127.15,127.16,56775451,,
2022-12-28 19:06:18.581000,127.14,127.15,56778176,,50778
2022-12-28 19:06:19.119000,127.13,127.14,56780671,,
2022-12-28 19:06:19.635000,,,56781501,,50779
2022-12-28 19:06:20.160000,,127.15,56781606,,50780
2022-12-28 19:06:20.694000,127.14,,56781608,,
2022-12-28 19:06:21.206000,127.12,127.13,56782978,,50781
2022-12-28 19:06:21.734000,,,56783114,,
2022-12-28 19:06:22.270000,,,56783230,,50782
2022-12-28 19:06:22.779000,,,56783636,,
2022-12-28 19:06:23.289000,,,56786237,,50783
2022-12-28 19:06:23.834000,127.11,,56786541,,
2022-12-28 19:06:24.380000,,,56788031,,50784
2022-12-28 19:06:24.889000,,127.12,56788533,,
2022-12-28 19:06:25.432000,,,56788707,,50785
2022-12-28 19:06:25.946000,,,56788760,,
2022-12-28 19:06:26.454000,,,56788763,,50786
2022-12-28 19:06:26.968000,,,56789374,,
2022-12-28 19:06:27.500000,,,56789525,,50787
2022-12-28 19:06:28.016000,127.1,127.11,56790728,,
2022-12-28 19:06:28.542000,,,56790919,,50788
2022-12-28 19:06:29.074000,,,56791337,,
2022-12-28 19:06:29.578000,,,56792443,,50789
2022-12-28 19:06:30.125000,127.11,127.12,56793497,,
2022-12-28 19:06:30.661000,127.1,,56793509,,50790
2022-12-28 19:06:31.163000,127.09,127.1,56795379,,
2022-12-28 19:06:31.689000,,,56796609,,50791
2022-12-28 19:06:32.237000,127.12,127.13,56797892,,50792
2022-12-28 19:06:32.771000,,,56799649,,
2022-12-28 19:06:33.301000,,,,,50793
2022-12-28 19:06:33.878000,127.13,127.14,56800243,,
2022-12-28 19:06:34.415000,,,56800570,,50794
2022-12-28 19:06:34.961000,,,56800574,,
2022-12-28 19:06:35.495000,,,56800575,,50795
2022-12-28 19:06:35.998000,,,56802077,,
2022-12-28 19:06:36.531000,127.16,127.17,56805171,,50796
2022-12-28 19:06:37.033000,,,56805510,,
2022-12-28 19:06:37.563000,,,56805652,,50797
2022-12-28 19:06:38.098000,,,56807683,,
2022-12-28 19:06:38.630000,,,56807910,,50798
2022-12-28 19:06:39.164000,,,56807932,,50799
2022-12-28 19:06:39.688000,,,56809210,,
2022-12-28 19:06:40.225000,,127.18,56809862,,50800
2022-12-28 19:06:40.751000,127.17,,56810167,,
2022-12-28 19:06:41.252000,,,56811128,,50801
2022-12-28 19:06:41.762000,127.16,127.17,56812232,,
2022-12-28 19:06:42.295000,,,56816399,,50802
2022-12-28 19:06:42.807000,127.15,127.16,56818972,,
2022-12-28 19:06:43.340000,,,56819192,,50803
2022-12-28 19:06:43.883000,127.13,127.14,56820696,,
2022-12-28 19:06:44.431000,,,56822516,,50804
2022-12-28 19:06:44.973000,,,56822517,,
2022-12-28 19:06:45.487000,,,56824470,,50805
2022-12-28 19:06:45.989000,,,56824603,,
2022-12-28 19:06:46.532000,,,56824920,,50806
2022-12-28 19:06:47.047000,,,56825021,,
2022-12-28 19:06:47.587000,127.12,127.13,56825462,,50807
2022-12-28 19:06:48.109000,,,56825562,,
2022-12-28 19:06:48.623000,127.13,127.14,56827196,,50808
2022-12-28 19:06:49.148000,,,56827200,,
2022-12-28 19:06:49.695000,,,56827532,,50809
2022-12-28 19:06:50.206000,127.15,127.16,56827838,,50810
2022-12-28 19:06:50.744000,,,56828153,,
2022-12-28 19:06:51.248000,,,56828179,,50811
2022-12-28 19:06:51.771000,,,56828282,,
2022-12-28 19:06:52.274000,,,56828509,,50812
2022-12-28 19:06:52.809000,,,56833179,,
2022-12-28 19:06:53.327000,,,56833196,,50813
2022-12-28 19:06:53.861000,127.16,127.17,56834181,,
2022-12-28 19:06:54.377000,,,56834268,,50814
2022-12-28 19:06:54.899000,,,56834632,,
2022-12-28 19:06:55.431000,,,56834636,,50815
2022-12-28 19:06:56,,,56834964,,
2022-12-28 19:06:56.541000,,,56834983,,50816
2022-12-28 19:06:57.085000,127.15,,56835731,,
2022-12-28 19:06:57.598000,,127.16,56836276,,50817
2022-12-28 19:06:58.099000,127.16,127.17,56837057,,
2022-12-28 19:06:58.644000,127.15,127.16,56837066,,50818
2022-12-28 19:06:59.187000,,,56838287,,50819
2022-12-28 19:06:59.708000,,,56838288,,
2022-12-28 19:07:00.229000,127.16,127.18,56839694,,50820
2022-12-28 19:07:00.733000,127.18,127.19,56841807,,
2022-12-28 19:07:01.272000,127.17,127.18,56842422,,50821
2022-12-28 19:07:01.776000,127.16,,56843163,,
2022-12-28 19:07:02.279000,,127.17,56845360,,50822
2022-12-28 19:07:02.805000,127.15,127.16,56846489,,
2022-12-28 19:07:03.344000,,,56846522,,
2022-12-28 19:07:03.860000,127.14,127.15,56847891,,50823
2022-12-28 19:07:04.391000,,,56848612,,50824
2022-12-28 19:07:04.929000,,,56848861,,
2022-12-28 19:07:05.456000,,,56848875,,50825
2022-12-28 19:07:05.989000,,,56848881,,
2022-12-28 19:07:06.518000,,,56849388,,50826
2022-12-28 19:07:07.032000,,,56849788,,
2022-12-28 19:07:07.555000,127.15,127.17,56850261,,50827
2022-12-28 19:07:08.094000,,,56850482,,
2022-12-28 19:07:08.620000,,127.16,56851124,,50828
2022-12-28 19:07:09.136000,,,56851228,,
2022-12-28 19:07:09.649000,127.16,127.17,56852481,,50829
2022-12-28 19:07:10.195000,,,56852725,,
2022-12-28 19:07:10.738000,,,56855055,,50830
2022-12-28 19:07:11.248000,,,56856225,,50831
2022-12-28 19:07:11.806000,,,56857026,,
2022-12-28 19:07:12.329000,,,56857212,,50832
2022-12-28 19:07:12.863000,,,56857214,,
2022-12-28 19:07:13.369000,,,56857294,,50833
2022-12-28 19:07:13.880000,,,56857296,,
2022-12-28 19:07:14.419000,,,56857402,,50834
2022-12-28 19:07:14.967000,,,56858122,,
2022-12-28 19:07:15.490000,127.15,127.16,56860088,,50835
2022-12-28 19:07:16.032000,127.14,127.15,56860995,,
2022-12-28 19:07:16.539000,,,56860997,,50836
2022-12-28 19:07:17.068000,127.13,127.14,56864357,,
2022-12-28 19:07:17.570000,,,56869375,,50837
2022-12-28 19:07:18.098000,127.09,127.1,56880394,,
2022-12-28 19:07:18.614000,,,56881725,,50838
2022-12-28 19:07:19.117000,127.08,127.09,56883090,,
2022-12-28 19:07:19.661000,,,56887114,,50839
2022-12-28 19:07:20.178000,,,56887988,,50840
2022-12-28 19:07:20.726000,127.07,127.08,56889861,,
2022-12-28 19:07:21.258000,,,56890601,,
2022-12-28 19:07:21.769000,127.05,127.06,56894925,,50841
2022-12-28 19:07:22.306000,127.06,127.07,56896183,,50842
2022-12-28 19:07:22.956000,,,56897532,,
2022-12-28 19:07:23.497000,127.05,127.06,56898244,,50843
2022-12-28 19:07:24.012000,,,56898353,,
2022-12-28 19:07:24.530000,,,56898469,,50844
2022-12-28 19:07:25.050000,127.06,127.07,56898918,,
2022-12-28 19:07:25.593000,127.07,127.08,56899036,,50845
2022-12-28 19:07:26.136000,127.08,127.09,56899643,,
2022-12-28 19:07:26.642000,,,56900494,,50846
2022-12-28 19:07:27.153000,,,56900497,,
2022-12-28 19:07:27.665000,,,56900697,,50847
2022-12-28 19:07:28.191000,,127.1,56900845,,50848
2022-12-28 19:07:28.712000,127.1,127.12,56901555,,
2022-12-28 19:07:29.226000,127.09,127.1,56904002,,
2022-12-28 19:07:29.732000,,,56906749,,50849
2022-12-28 19:07:30.273000,,,56907603,,50850
2022-12-28 19:07:30.779000,,,56907904,,
2022-12-28 19:07:31.324000,127.11,127.12,56908101,,50851
2022-12-28 19:07:31.844000,127.12,127.14,56908977,,
2022-12-28 19:07:32.365000,,,56910025,,50852
2022-12-28 19:07:32.891000,,,56910056,,
2022-12-28 19:07:33.398000,,127.13,56910660,,50853
2022-12-28 19:07:33.937000,127.13,127.14,56913064,,
2022-12-28 19:07:34.474000,,,56913770,,50854
2022-12-28 19:07:35.534000,,,56914401,,50855
2022-12-28 19:07:36.054000,127.12,127.13,56915181,,
2022-12-28 19:07:36.577000,,,56915890,,50856
2022-12-28 19:07:37.083000,,,56915993,,
2022-12-28 19:07:37.627000,,,56916009,,50857
2022-12-28 19:07:38.169000,,,56916180,,
2022-12-28 19:07:38.679000,,,56916284,,50858
2022-12-28 19:07:39.191000,,,56916848,,50859
2022-12-28 19:07:39.706000,,,56917404,,
2022-12-28 19:07:40.445000,,,56917704,,50860
2022-12-28 19:07:40.992000,,,56917819,,
2022-12-28 19:07:41.507000,,,56917820,,50861
2022-12-28 19:07:42.043000,,,56917840,,
2022-12-28 19:07:42.551000,,,56919140,,50862
2022-12-28 19:07:43.063000,127.11,127.12,56920770,,
2022-12-28 19:07:43.604000,127.1,127.11,56923315,,50863
2022-12-28 19:07:44.143000,127.11,127.12,56923454,,
2022-12-28 19:07:44.668000,,,56923456,,50864
2022-12-28 19:07:45.203000,,,56923660,,50865
2022-12-28 19:07:45.752000,127.1,,56924463,,
2022-12-28 19:07:46.298000,,127.11,56928696,,50866
2022-12-28 19:07:46.825000,,,56929461,,
2022-12-28 19:07:47.338000,,,56930418,,
2022-12-28 19:07:47.881000,,,56932142,,50867
2022-12-28 19:07:48.406000,,,56932548,,50868
2022-12-28 19:07:48.923000,,,56932669,,
2022-12-28 19:07:49.435000,,,56932783,,50869
2022-12-28 19:07:49.942000,,,56933209,,
2022-12-28 19:07:50.476000,,,56933490,,50870
2022-12-28 19:07:51.008000,,,56933623,,
2022-12-28 19:07:51.525000,,,56934725,,50871
2022-12-28 19:07:52.055000,,,56934729,,
2022-12-28 19:07:52.560000,,,56934736,,50872
2022-12-28 19:07:53.105000,,,56934741,,
2022-12-28 19:07:53.625000,,,56936492,,50873
2022-12-28 19:07:54.172000,,,56939945,,
2022-12-28 19:07:54.676000,127.11,127.12,56941339,,50874
2022-12-28 19:07:55.218000,127.13,127.14,56941880,,50875
2022-12-28 19:07:55.759000,127.12,,56942149,,
2022-12-28 19:07:56.301000,127.11,127.13,56942492,,50876
2022-12-28 19:07:56.807000,127.12,,56942501,,
2022-12-28 19:07:57.351000,127.11,127.12,56942753,,50877
2022-12-28 19:07:57.858000,,,56942754,,
2022-12-28 19:07:58.386000,,,56942756,,50878
2022-12-28 19:07:58.928000,127.12,127.13,56943476,,
2022-12-28 19:07:59.433000,,,56943579,,50879
2022-12-28 19:07:59.970000,,,56943728,,
2022-12-28 19:08:00.496000,,,56943878,,50880
2022-12-28 19:08:01.007000,,,56943903,,
2022-12-28 19:08:01.554000,,,56944240,,50881
2022-12-28 19:08:02.056000,127.13,127.14,56944600,,
2022-12-28 19:08:02.590000,,,56944617,,50882
2022-12-28 19:08:03.130000,,,56944619,,
2022-12-28 19:08:03.634000,127.12,127.13,56945823,,50883
2022-12-28 19:08:04.135000,,,56945887,,
2022-12-28 19:08:04.641000,,,56946290,,50884
2022-12-28 19:08:05.170000,,,56946357,,
2022-12-28 19:08:05.701000,127.11,127.12,56947183,,50885
2022-12-28 19:08:06.248000,,,56947187,,
2022-12-28 19:08:06.770000,127.1,127.11,56948060,,50886
2022-12-28 19:08:07.291000,,,56948360,,50887
2022-12-28 19:08:07.807000,,,56951176,,
2022-12-28 19:08:08.328000,,,56951781,,50888
2022-12-28 19:08:08.849000,127.09,,56951794,,
2022-12-28 19:08:09.371000,,127.1,56952282,,50889
2022-12-28 19:08:09.884000,,,56952292,,
2022-12-28 19:08:10.395000,,,56955409,,50890
2022-12-28 19:08:10.919000,,,56955510,,
2022-12-28 19:08:11.437000,127.08,127.09,56956542,,50891
2022-12-28 19:08:11.960000,127.09,127.1,56956956,,
2022-12-28 19:08:12.504000,,,56957058,,50892
2022-12-28 19:08:13.047000,127.08,127.09,56957059,,
2022-12-28 19:08:13.559000,,,56957665,,
2022-12-28 19:08:14.061000,,,56960153,,50893
2022-12-28 19:08:14.568000,,,,,50894
2022-12-28 19:08:15.092000,,,56960402,,
2022-12-28 19:08:15.595000,,,56960409,,50895
2022-12-28 19:08:16.130000,,,56962413,,
2022-12-28 19:08:16.669000,127.07,127.08,56963774,,50896
2022-12-28 19:08:17.194000,,127.09,56964637,,
2022-12-28 19:08:17.739000,,127.08,56964969,,50897
2022-12-28 19:08:18.255000,127.06,,56966346,,50898
2022-12-28 19:08:18.771000,,127.07,56966428,,
2022-12-28 19:08:19.276000,,,56966686,,50899
2022-12-28 19:08:19.815000,,,56966729,,
2022-12-28 19:08:20.357000,127.05,127.06,56967631,,50900
2022-12-28 19:08:20.906000,127.04,127.05,56968442,,
2022-12-28 19:08:21.422000,,,56969585,,50901
2022-12-28 19:08:21.938000,,,56969588,,
2022-12-28 19:08:22.463000,,127.06,56970419,,50902
2022-12-28 19:08:22.990000,127.05,,,,
2022-12-28 19:08:23.520000,,,56970719,,50903
2022-12-28 19:08:24.027000,,,56970821,,
2022-12-28 19:08:24.573000,127.04,,56970896,,50904
2022-12-28 19:08:25.077000,127.05,,56970954,,
2022-12-28 19:08:25.598000,,,56970956,,50905
2022-12-28 19:08:26.116000,,,56971392,,
2022-12-28 19:08:26.619000,127.02,127.03,56974242,,50906
2022-12-28 19:08:27.152000,,,56977062,,
2022-12-28 19:08:27.656000,127.01,127.02,56977252,,50907
2022-12-28 19:08:28.192000,,,56977479,,
2022-12-28 19:08:28.702000,127,127.01,56988952,,50908
2022-12-28 19:08:29.257000,126.99,127,56993632,,50909
2022-12-28 19:08:29.763000,,,56994172,,
2022-12-28 19:08:30.270000,,,56994295,,50910
2022-12-28 19:08:30.771000,,,56994541,,
2022-12-28 19:08:31.305000,127,127.01,56995065,,50911
2022-12-28 19:08:31.826000,,,56995670,,
2022-12-28 19:08:32.342000,,,56995770,,50912
2022-12-28 19:08:32.860000,,,56997613,,
2022-12-28 19:08:33.406000,127.01,127.02,56998038,,50913
2022-12-28 19:08:33.940000,,,56998099,,
2022-12-28 19:08:34.493000,127,127.01,57003669,,50914
2022-12-28 19:08:35.035000,127.01,127.02,57005092,,
2022-12-28 19:08:35.557000,,,57005118,,50915
2022-12-28 19:08:36.066000,,,57006520,,
2022-12-28 19:08:36.586000,127,127.01,57006855,,50916
2022-12-28 19:08:37.102000,126.99,,57008279,,
2022-12-28 19:08:37.607000,,,57008581,,50917
2022-12-28 19:08:38.112000,127,,57008707,,
2022-12-28 19:08:38.632000,,,57008812,,50918
2022-12-28 19:08:39.145000,126.99,127,57009560,,
2022-12-28 19:08:39.670000,,,57011865,,50919
2022-12-28 19:08:40.193000,126.97,126.98,57017884,,
2022-12-28 19:08:40.732000,,,57018002,,50920
2022-12-28 19:08:41.242000,126.99,127,57018206,,50921
2022-12-28 19:08:41.750000,126.97,126.98,57022650,,
2022-12-28 19:08:42.289000,126.95,126.96,57032806,,50922
2022-12-28 19:08:42.827000,126.96,126.97,57033236,,
2022-12-28 19:08:43.354000,,,57033866,,50923
2022-12-28 19:08:43.875000,,,57033946,,
2022-12-28 19:08:44.410000,,,57034082,,50924
2022-12-28 19:08:44.921000,,,57034199,,
2022-12-28 19:08:45.428000,,,57035727,,50925
2022-12-28 19:08:45.945000,,,57035734,,
2022-12-28 19:08:46.461000,,,57035869,,50926
2022-12-28 19:08:46.967000,126.97,126.98,57038152,,
2022-12-28 19:08:47.516000,,,57038275,,
2022-12-28 19:08:48.035000,,,57038905,,50927
2022-12-28 19:08:48.559000,126.98,126.99,57039573,,50928
2022-12-28 19:08:49.097000,,,57039878,,
2022-12-28 19:08:49.640000,,,57040678,,50929
2022-12-28 19:08:50.160000,126.99,127,57041029,,
2022-12-28 19:08:50.701000,126.98,,57042492,,50930
2022-12-28 19:08:51.274000,,,57046054,,50931
2022-12-28 19:08:51.777000,,126.99,57046508,,
2022-12-28 19:08:52.281000,,,57046660,,50932
2022-12-28 19:08:52.785000,126.99,127,57047864,,
2022-12-28 19:08:53.320000,126.98,126.99,57048037,,50933
2022-12-28 19:08:53.835000,,,57048159,,
2022-12-28 19:08:54.359000,126.97,126.98,57049112,,50934
2022-12-28 19:08:54.880000,,,57049236,,
2022-12-28 19:08:55.400000,,,57049290,,50935
2022-12-28 19:08:55.910000,126.96,126.97,57050831,,
2022-12-28 19:08:56.421000,126.98,126.99,57055085,,50936
2022-12-28 19:08:56.930000,,127,57055438,,
2022-12-28 19:08:57.432000,126.99,,57056177,,50937
2022-12-28 19:08:57.946000,,,57057219,,
2022-12-28 19:08:58.470000,127,127.01,57058043,,50938
2022-12-28 19:08:58.987000,,,57058748,,
2022-12-28 19:08:59.488000,,,57059450,,50939
2022-12-28 19:09:00.028000,,,57059560,,
2022-12-28 19:09:00.554000,126.99,127,57060757,,50940
2022-12-28 19:09:01.063000,,,57060759,,
2022-12-28 19:09:01.590000,127,127.01,57061133,,50941
2022-12-28 19:09:02.128000,,,57061174,,
2022-12-28 19:09:02.630000,126.99,127,57061447,,50942
2022-12-28 19:09:03.152000,,,57061448,,
2022-12-28 19:09:03.669000,,,57061856,,50943
2022-12-28 19:09:04.171000,126.98,,57062433,,
2022-12-28 19:09:04.673000,126.99,,57062434,,50944
2022-12-28 19:09:05.178000,,,57062780,,
2022-12-28 19:09:05.710000,127,127.01,57063209,,50945
2022-12-28 19:09:06.234000,,,57063321,,
2022-12-28 19:09:06.745000,,,57063552,,50946
2022-12-28 19:09:07.252000,,,57063962,,
2022-12-28 19:09:07.779000,127.01,127.02,57064703,,50947
2022-12-28 19:09:08.307000,127,,57065312,,50948
2022-12-28 19:09:08.836000,127.01,,57065938,,
2022-12-28 19:09:09.361000,127,127.01,57068534,,50949
2022-12-28 19:09:09.877000,,,57068657,,
2022-12-28 19:09:10.383000,126.99,127,57073002,,
2022-12-28 19:09:10.909000,126.98,126.99,57078424,,50950
2022-12-28 19:09:11.439000,126.97,126.98,57078541,,50951
2022-12-28 19:09:11.946000,126.96,126.97,57081015,,
2022-12-28 19:09:12.452000,126.95,126.96,57084180,,50952
2022-12-28 19:09:12.977000,126.94,126.95,57084237,,
2022-12-28 19:09:13.501000,,,57085254,,50953
2022-12-28 19:09:14.046000,126.95,126.96,57086741,,
2022-12-28 19:09:14.574000,,,57086906,,50954
2022-12-28 19:09:15.097000,126.94,,57088630,,
2022-12-28 19:09:15.606000,126.93,126.94,57091915,,50955
2022-12-28 19:09:16.112000,,126.95,57092957,,
2022-12-28 19:09:16.637000,126.91,126.92,57095686,,50956
2022-12-28 19:09:17.146000,126.92,126.94,57097701,,
2022-12-28 19:09:17.666000,,,57098698,,50957
2022-12-28 19:09:18.230000,,,57100031,,
2022-12-28 19:09:18.812000,,126.93,57103539,,50958
2022-12-28 19:09:19.348000,,,57103654,,50959
2022-12-28 19:09:19.860000,126.93,126.94,57106636,,
2022-12-28 19:09:20.435000,,,57107766,,50960
2022-12-28 19:09:20.937000,126.92,126.93,57109108,,
2022-12-28 19:09:21.448000,,,57110233,,50961
2022-12-28 19:09:21.954000,,,57110660,,
2022-12-28 19:09:22.464000,,,57111495,,50962
2022-12-28 19:09:23.010000,,,57111963,,
2022-12-28 19:09:23.519000,126.91,126.92,57112362,,50963
2022-12-28 19:09:24.024000,126.92,126.93,57116454,,
2022-12-28 19:09:24.546000,126.91,126.92,57118787,,50964
2022-12-28 19:09:25.084000,,,57118797,,
2022-12-28 19:09:25.628000,,,57118867,,50965
2022-12-28 19:09:26.172000,126.89,126.9,57132380,,
2022-12-28 19:09:26.691000,,,57132600,,50966
2022-12-28 19:09:27.210000,,,57133445,,
2022-12-28 19:09:27.720000,126.91,126.92,57134892,,50967
2022-12-28 19:09:28.224000,126.9,126.91,57140830,,
2022-12-28 19:09:28.767000,126.91,126.92,57142456,,50968
2022-12-28 19:09:29.277000,126.9,,57142837,,50969
2022-12-28 19:09:29.784000,,,57144089,,
2022-12-28 19:09:30.315000,126.91,,57144656,,50970
2022-12-28 19:09:30.859000,,126.93,57145452,,
2022-12-28 19:09:31.403000,126.92,,57147449,,50971
2022-12-28 19:09:31.923000,,,57147771,,
2022-12-28 19:09:32.443000,126.91,,57148373,,50972
2022-12-28 19:09:32.980000,126.92,,57149582,,
2022-12-28 19:09:33.503000,,,57149810,,50973
2022-12-28 19:09:34.022000,126.91,126.92,57155810,,
2022-12-28 19:09:34.559000,,,57158940,,50974
2022-12-28 19:09:35.067000,,,57160422,,
2022-12-28 19:09:35.614000,,,57160423,,50975
2022-12-28 19:09:36.131000,,126.93,57162301,,
2022-12-28 19:09:36.644000,126.92,,57162607,,50976
2022-12-28 19:09:37.167000,,,57162750,,
2022-12-28 19:09:37.679000,,,57164795,,50977
2022-12-28 19:09:38.195000,126.93,126.94,57168372,,
2022-12-28 19:09:38.701000,126.94,126.95,57168816,,50978
2022-12-28 19:09:39.243000,,,57170147,,
2022-12-28 19:09:39.751000,126.95,126.96,57172536,,50979
2022-12-28 19:09:40.292000,,,57172889,,50980
2022-12-28 19:09:40.837000,,,57172921,,
2022-12-28 19:09:41.360000,,,57173232,,50981
2022-12-28 19:09:41.875000,,,57173383,,
2022-12-28 19:09:42.395000,,,57176010,,50982
2022-12-28 19:09:43.457000,,,57176031,,50983
2022-12-28 19:09:43.959000,,,57176590,,
2022-12-28 19:09:44.465000,,,57176735,,
2022-12-28 19:09:44.990000,126.94,,57177966,,50984
2022-12-28 19:09:45.506000,126.95,,57178067,,50985
2022-12-28 19:09:46.054000,126.94,,57178474,,
2022-12-28 19:09:46.592000,,,57178681,,50986
2022-12-28 19:09:47.120000,,126.95,57179253,,
2022-12-28 19:09:47.663000,,,57179561,,50987
2022-12-28 19:09:48.170000,126.95,126.96,57179730,,
2022-12-28 19:09:48.703000,,,57180434,,50988
2022-12-28 19:09:49.224000,,,57181045,,
2022-12-28 19:09:49.731000,,,57181152,,50989
2022-12-28 19:09:50.234000,,,57181327,,
2022-12-28 19:09:50.758000,126.96,126.98,57182197,,50990
2022-12-28 19:09:51.273000,,,57184496,,50991
2022-12-28 19:09:51.801000,,,57186501,,
2022-12-28 19:09:52.315000,,,57186778,,50992
2022-12-28 19:09:52.829000,,126.97,57187095,,
2022-12-28 19:09:53.362000,,,57187243,,50993
2022-12-28 19:09:53.892000,,,57187254,,
2022-12-28 19:09:54.452000,,,57187369,,50994
2022-12-28 19:09:54.958000,,,57187370,,
2022-12-28 19:09:55.504000,,,57188223,,50995
2022-12-28 19:09:56.009000,,,57188296,,
2022-12-28 19:09:56.550000,126.95,126.96,57190376,,50996
2022-12-28 19:09:57.060000,,,57190760,,
2022-12-28 19:09:57.578000,,,57191088,,50997
2022-12-28 19:09:58.099000,,,57191114,,
2022-12-28 19:09:58.607000,,,57193705,,50998
2022-12-28 19:09:59.135000,,,57193976,,
2022-12-28 19:09:59.655000,,,57194055,,50999
2022-12-28 19:10:00.180000,,,57194082,,
2022-12-28 19:10:00.707000,126.98,126.99,57195076,,51000
2022-12-28 19:10:01.239000,126.97,,57195945,,
2022-12-28 19:10:01.765000,126.98,,57197069,,51001
2022-12-28 19:10:02.273000,126.95,126.96,57197727,,
2022-12-28 19:10:02.788000,,,57197928,,51002
2022-12-28 19:10:03.311000,,,57197972,,51003
2022-12-28 19:10:03.882000,,,57203210,,
2022-12-28 19:10:04.399000,,126.97,57203635,,51004
2022-12-28 19:10:04.919000,126.94,126.95,57217790,,
2022-12-28 19:10:05.424000,,,57217792,,51005
2022-12-28 19:10:05.933000,,,57217983,,
2022-12-28 19:10:06.454000,,,57219300,,51006
2022-12-28 19:10:06.999000,,,57219422,,
2022-12-28 19:10:07.516000,,,57220373,,51007
2022-12-28 19:10:08.043000,,,57221543,,
2022-12-28 19:10:08.549000,,,57221573,,51008
2022-12-28 19:10:09.070000,,,57221577,,
2022-12-28 19:10:09.605000,,,57224241,,51009
2022-12-28 19:10:10.124000,,,57224547,,
2022-12-28 19:10:10.649000,126.93,126.94,57226788,,51010
2022-12-28 19:10:11.175000,,,57227658,,
2022-12-28 19:10:11.692000,,,57228974,,51011
2022-12-28 19:10:12.193000,126.94,126.95,57229307,,
2022-12-28 19:10:12.720000,,,57231361,,51012
2022-12-28 19:10:13.223000,,,57231375,,
2022-12-28 19:10:13.725000,,,57231630,,51013
2022-12-28 19:10:14.246000,126.96,126.97,57232695,,
2022-12-28 19:10:14.767000,126.97,126.98,57235008,,51014
2022-12-28 19:10:15.273000,126.96,126.97,57235802,,51015
2022-12-28 19:10:15.774000,126.95,126.96,57238555,,
2022-12-28 19:10:16.282000,,,57238913,,51016
2022-12-28 19:10:16.828000,,,57238940,,
2022-12-28 19:10:17.370000,,,57238990,,
2022-12-28 19:10:17.886000,,126.97,57240217,,51017
2022-12-28 19:10:18.408000,,126.96,57241432,,51018
2022-12-28 19:10:18.951000,126.96,126.97,57242092,,
2022-12-28 19:10:19.453000,,,57243448,,51019
2022-12-28 19:10:19.991000,,,57243860,,
2022-12-28 19:10:20.504000,126.95,126.96,57248274,,51020
2022-12-28 19:10:21.032000,,,57248329,,
2022-12-28 19:10:21.566000,,,57248740,,51021
2022-12-28 19:10:22.096000,,,57248762,,
2022-12-28 19:10:22.621000,,,57248862,,51022
2022-12-28 19:10:23.150000,,,57249207,,
2022-12-28 19:10:23.716000,,126.97,57252172,,51023
2022-12-28 19:10:24.264000,,,57253410,,
2022-12-28 19:10:24.777000,,126.96,57253413,,51024
2022-12-28 19:10:25.282000,,,57253987,,
2022-12-28 19:10:25.786000,,,57254019,,51025
2022-12-28 19:10:26.323000,126.94,126.95,57255813,,
2022-12-28 19:10:26.850000,,,57256552,,51026
2022-12-28 19:10:27.393000,,,57256657,,
2022-12-28 19:10:27.936000,,,57256952,,51027
2022-12-28 19:10:28.463000,,,57257374,,51028
2022-12-28 19:10:28.964000,,,57257525,,
2022-12-28 19:10:29.484000,,,57257539,,51029
2022-12-28 19:10:30.028000,,126.96,57261183,,
2022-12-28 19:10:30.534000,,126.95,57261588,,51030
2022-12-28 19:10:31.077000,126.93,,57266514,,
2022-12-28 19:10:31.591000,,126.94,57267804,,51031
2022-12-28 19:10:32.127000,,,57267807,,
2022-12-28 19:10:32.647000,,,57267828,,51032
2022-12-28 19:10:33.175000,,,57267861,,
2022-12-28 19:10:33.678000,,,57267911,,51033
2022-12-28 19:10:34.241000,,,57267913,,
2022-12-28 19:10:34.756000,,,57269265,,51034
2022-12-28 19:10:35.298000,,126.95,57270884,,51035
2022-12-28 19:10:35.810000,,126.94,57271015,,
2022-12-28 19:10:36.360000,,,57272179,,51036
2022-12-28 19:10:36.883000,,,57272242,,
2022-12-28 19:10:37.425000,,,57272254,,51037
2022-12-28 19:10:37.969000,,,57272304,,
2022-12-28 19:10:38.491000,126.95,126.96,57272905,,51038
2022-12-28 19:10:39.014000,,,57273908,,
2022-12-28 19:10:39.526000,,126.97,57274115,,51039
2022-12-28 19:10:40.031000,126.96,,57274440,,
2022-12-28 19:10:40.563000,,126.98,57275411,,51040
2022-12-28 19:10:41.074000,,,57275573,,51041
2022-12-28 19:10:41.617000,126.97,,57275674,,
2022-12-28 19:10:42.123000,,,57276405,,
2022-12-28 19:10:42.640000,,,57277911,,51042
2022-12-28 19:10:43.154000,,,57278985,,
2022-12-28 19:10:43.675000,,,57278989,,51043
2022-12-28 19:10:44.197000,,,57279090,,
2022-12-28 19:10:44.711000,126.98,126.99,57279278,,51044
2022-12-28 19:10:45.236000,,,57279701,,
2022-12-28 19:10:45.744000,,,57280110,,51045
2022-12-28 19:10:46.264000,126.97,126.98,57281924,,
2022-12-28 19:10:46.802000,,,57282062,,
2022-12-28 19:10:47.318000,,126.99,57282292,,51047
2022-12-28 19:10:47.821000,,126.98,57282866,,
2022-12-28 19:10:48.354000,126.98,127,57283302,,51048
2022-12-28 19:10:48.878000,,,57283441,,
2022-12-28 19:10:49.392000,,,57284352,,51049
2022-12-28 19:10:49.916000,126.99,,57287822,,
2022-12-28 19:10:50.463000,126.98,126.99,57288802,,51050
2022-12-28 19:10:50.977000,,,57290433,,
2022-12-28 19:10:51.490000,,,57290435,,51051
2022-12-28 19:10:52.002000,,,57290716,,
2022-12-28 19:10:53.012000,,,57292796,,51052
2022-12-28 19:10:53.530000,,,57292829,,51053
2022-12-28 19:10:54.048000,126.97,126.98,57296063,,
2022-12-28 19:10:54.589000,,,57296089,,51054
2022-12-28 19:10:55.107000,,,57296134,,
2022-12-28 19:10:55.615000,,,57296536,,51055
2022-12-28 19:10:56.143000,,,57297039,,
2022-12-28 19:10:56.649000,,,57297125,,
2022-12-28 19:10:57.155000,,,57297361,,51056
2022-12-28 19:10:57.675000,,,57297797,,51057
2022-12-28 19:10:58.215000,,,57297799,,51058
2022-12-28 19:10:58.750000,126.96,126.97,57299341,,
2022-12-28 19:10:59.328000,,,57299378,,51059
2022-12-28 19:10:59.846000,,,57300883,,
2022-12-28 19:11:00.878000,126.97,126.98,57301910,,51060
2022-12-28 19:11:01.424000,,,,,51061
2022-12-28 19:11:01.962000,,,57302317,,
2022-12-28 19:11:02.483000,,,57302459,,51062
2022-12-28 19:11:03.029000,,,57302535,,
2022-12-28 19:11:03.549000,,,57303139,,51063
2022-12-28 19:11:04.073000,126.96,126.97,57304312,,51064
2022-12-28 19:11:04.595000,,,57304421,,
2022-12-28 19:11:05.123000,126.95,126.96,57305530,,
2022-12-28 19:11:05.651000,,126.97,57305991,,51065
2022-12-28 19:11:06.189000,,126.96,57306194,,51066
2022-12-28 19:11:06.703000,126.96,126.97,57306611,,
2022-12-28 19:11:07.236000,,126.98,57307695,,
2022-12-28 19:11:07.739000,126.95,126.97,57314043,,51067
2022-12-28 19:11:08.253000,,126.96,57314450,,51068
2022-12-28 19:11:08.761000,,,57314552,,
2022-12-28 19:11:09.268000,,,57315905,,
2022-12-28 19:11:09.773000,,,57316825,,51069
2022-12-28 19:11:10.306000,,,57317331,,51070
2022-12-28 19:11:10.812000,,,57318016,,
2022-12-28 19:11:11.327000,126.97,126.98,57318728,,51071
2022-12-28 19:11:11.862000,126.95,126.96,57319520,,
2022-12-28 19:11:12.395000,,,57320386,,51072
2022-12-28 19:11:12.901000,,,57320437,,
2022-12-28 19:11:13.443000,,,57320454,,51073
2022-12-28 19:11:13.975000,,,57320500,,
2022-12-28 19:11:14.513000,126.96,126.97,57320721,,51074
2022-12-28 19:11:15.036000,126.97,126.98,57321084,,
2022-12-28 19:11:15.563000,,,57323262,,51075
2022-12-28 19:11:16.074000,,,57324083,,
2022-12-28 19:11:16.613000,,,57325014,,51076
2022-12-28 19:11:17.153000,126.96,126.97,57325446,,
2022-12-28 19:11:17.671000,,,57325461,,51077
2022-12-28 19:11:18.204000,,,57325795,,
2022-12-28 19:11:18.712000,,,57327828,,51078
2022-12-28 19:11:19.217000,,,57327848,,
2022-12-28 19:11:19.730000,,,57327999,,51079
2022-12-28 19:11:20.257000,,,57328410,,
2022-12-28 19:11:20.768000,126.95,126.96,57329643,,51080
2022-12-28 19:11:21.287000,,,57329648,,51081
2022-12-28 19:11:21.789000,,,57329953,,
2022-12-28 19:11:22.298000,,,57330105,,
2022-12-28 19:11:22.826000,,,57330892,,51082
2022-12-28 19:11:23.340000,,,57331493,,51083
2022-12-28 19:11:23.860000,,126.97,57332377,,
