time,bid_price,ask_price,total_volume,open_price,quote_time
2022-12-30 16:41:43.394000,128.53,128.54,28731248,128.41,42103
2022-12-30 16:41:43.938000,,,28731951,,
2022-12-30 16:41:44.480000,,,28732201,,42104
2022-12-30 16:41:45.013000,,,28732454,,
2022-12-30 16:41:45.520000,128.54,128.55,28733066,,42105
2022-12-30 16:41:46.040000,,,28735525,,
2022-12-30 16:41:46.554000,128.53,128.54,28736929,,42106
2022-12-30 16:41:47.086000,,,28737835,,
2022-12-30 16:41:47.593000,,,28738036,,
2022-12-30 16:41:48.140000,,,28739272,,42107
2022-12-30 16:41:48.657000,,,28739574,,42108
2022-12-30 16:41:49.161000,,,28739582,,42109
2022-12-30 16:41:49.693000,,,28740232,,
2022-12-30 16:41:50.198000,128.52,128.53,28741935,,42110
2022-12-30 16:41:50.705000,,,28747485,,
2022-12-30 16:41:51.216000,,,28747941,,
2022-12-30 16:41:51.718000,,,28748450,,42111
2022-12-30 16:41:52.234000,128.51,128.52,28749734,,42112
2022-12-30 16:41:52.779000,,,28749737,,
2022-12-30 16:41:53.307000,,,28750040,,
2022-12-30 16:41:53.843000,,,28750042,,42113
2022-12-30 16:41:54.350000,,,28750103,,42114
2022-12-30 16:41:54.877000,,,28751841,,
2022-12-30 16:41:55.392000,,,28752990,,
2022-12-30 16:41:55.921000,,,28753310,,42115
2022-12-30 16:41:56.458000,128.49,128.5,28757322,,42116
2022-12-30 16:41:56.977000,,,28757803,,
2022-12-30 16:41:57.520000,,,28758875,,42117
2022-12-30 16:41:58.039000,,,28758924,,
2022-12-30 16:41:58.562000,,,28758927,,
2022-12-30 16:41:59.100000,,,28758930,,42119
2022-12-30 16:41:59.647000,,,28759066,,
2022-12-30 16:42:00.173000,,,28759127,,42120
2022-12-30 16:42:00.720000,,,28759847,,
2022-12-30 16:42:01.236000,,,28762194,,
2022-12-30 16:42:01.743000,128.52,128.53,28768091,,42121
2022-12-30 16:42:02.266000,,,28768203,,42122
2022-12-30 16:42:02.775000,,,28768706,,
2022-12-30 16:42:03.309000,,,28768721,,42123
2022-12-30 16:42:04.386000,,,28769933,,42124
2022-12-30 16:42:04.898000,128.54,128.55,28771479,,
2022-12-30 16:42:05.429000,,,28771859,,42125
2022-12-30 16:42:05.940000,,,28772006,,
2022-12-30 16:42:06.462000,,,28774411,,42126
2022-12-30 16:42:06.999000,128.53,128.54,28775158,,
2022-12-30 16:42:07.501000,,,28775780,,42127
2022-12-30 16:42:08.034000,,,28775844,,
2022-12-30 16:42:08.556000,,,28775920,,
2022-12-30 16:42:09.103000,,,28775925,,42128
2022-12-30 16:42:09.612000,,128.55,28776582,,42129
2022-12-30 16:42:10.121000,,128.54,28777135,,42130
2022-12-30 16:42:10.643000,,,28777237,,
2022-12-30 16:42:11.154000,,,28777242,,42131
2022-12-30 16:42:11.658000,,,28777268,,
2022-12-30 16:42:12.219000,,,28777675,,
2022-12-30 16:42:12.745000,128.54,128.55,28778537,,42132
2022-12-30 16:42:13.278000,,,28778578,,42133
2022-12-30 16:42:13.791000,,,28778593,,
2022-12-30 16:42:14.320000,,,28778612,,
2022-12-30 16:42:14.826000,,,28778662,,42134
2022-12-30 16:42:15.355000,128.56,128.57,28778877,,42135
2022-12-30 16:42:15.871000,128.54,128.55,28780513,,
2022-12-30 16:42:16.393000,128.55,128.56,28781331,,42136
2022-12-30 16:42:16.942000,,128.57,28784889,,
2022-12-30 16:42:17.480000,128.58,128.59,28785038,,42137
2022-12-30 16:42:18.018000,,,28785220,,
2022-12-30 16:42:18.567000,128.59,128.6,28789912,,42138
2022-12-30 16:42:19.077000,128.62,128.63,28792851,,
2022-12-30 16:42:19.603000,,,28793651,,42139
2022-12-30 16:42:20.138000,,,28794085,,42140
2022-12-30 16:42:20.640000,,,28794240,,
2022-12-30 16:42:21.143000,,,28794301,,42141
2022-12-30 16:42:21.659000,128.63,128.64,28796749,,
2022-12-30 16:42:22.174000,,,28799412,,42142
2022-12-30 16:42:22.690000,,,28801430,,
2022-12-30 16:42:23.212000,,,28801521,,42143
2022-12-30 16:42:23.730000,,,28802464,,
2022-12-30 16:42:24.250000,,,28802881,,42144
2022-12-30 16:42:24.754000,,,28803183,,
2022-12-30 16:42:25.270000,128.62,128.63,28806711,,42145
2022-12-30 16:42:25.789000,,,28807447,,
2022-12-30 16:42:26.298000,,,28808305,,
2022-12-30 16:42:26.836000,,,28808540,,42146
2022-12-30 16:42:27.348000,,,28808541,,42147
2022-12-30 16:42:27.885000,,,28809169,,
2022-12-30 16:42:28.419000,,,28809672,,42148
2022-12-30 16:42:28.946000,,,28810275,,
2022-12-30 16:42:29.459000,,,28810878,,
2022-12-30 16:42:29.984000,,,28811142,,
2022-12-30 16:42:30.524000,128.63,128.64,28814219,,42150
2022-12-30 16:42:31.035000,,128.65,28816049,,
2022-12-30 16:42:31.560000,,,28816527,,
2022-12-30 16:42:32.083000,,,28816549,,42151
2022-12-30 16:42:32.628000,128.62,128.63,28816798,,42152
2022-12-30 16:42:33.146000,128.61,128.62,28818226,,42153
2022-12-30 16:42:33.692000,,,28818729,,
2022-12-30 16:42:34.193000,,,28818731,,42154
2022-12-30 16:42:34.706000,,,28819233,,
2022-12-30 16:42:35.221000,,,28819957,,
2022-12-30 16:42:35.739000,128.62,128.63,28824054,,42155
2022-12-30 16:42:36.276000,,,28825073,,42156
2022-12-30 16:42:36.795000,128.61,,28830106,,
2022-12-30 16:42:37.328000,,128.62,28830334,,42157
2022-12-30 16:42:37.864000,,,28830435,,
2022-12-30 16:42:38.401000,128.62,128.63,28830550,,42158
2022-12-30 16:42:39.438000,128.61,,28830559,,42159
2022-12-30 16:42:40.193000,128.62,,28830669,,
2022-12-30 16:42:40.699000,128.61,,28833383,,42160
2022-12-30 16:42:41.219000,,,28835434,,42161
2022-12-30 16:42:41.765000,128.63,128.64,28838698,,
2022-12-30 16:42:42.312000,,128.65,,,42162
2022-12-30 16:42:42.819000,,,28838699,,
2022-12-30 16:42:43.330000,,,28838851,,
2022-12-30 16:42:43.879000,,128.64,28839424,,42163
2022-12-30 16:42:44.406000,,,28839525,,42164
2022-12-30 16:42:44.909000,,,28839836,,
2022-12-30 16:42:45.438000,,,28839902,,42165
2022-12-30 16:42:45.978000,,,28839966,,
2022-12-30 16:42:46.502000,,,28840025,,42166
2022-12-30 16:42:47.020000,128.62,128.63,28841646,,
2022-12-30 16:42:47.541000,128.61,128.62,28842571,,42167
2022-12-30 16:42:48.082000,,,28844148,,
2022-12-30 16:42:48.596000,,,,,42168
2022-12-30 16:42:49.127000,,,28847825,,42169
2022-12-30 16:42:49.654000,,,28848126,,
2022-12-30 16:42:50.157000,128.6,128.61,28851530,,42170
2022-12-30 16:42:50.704000,,,28851660,,
2022-12-30 16:42:51.229000,,,28851664,,
2022-12-30 16:42:51.742000,,,28851676,,42171
2022-12-30 16:42:52.269000,,,28851926,,
2022-12-30 16:42:52.775000,,,,,42172
2022-12-30 16:42:53.829000,,,28851977,,42173
2022-12-30 16:42:54.330000,,,28853270,,
2022-12-30 16:42:54.864000,128.59,128.6,28855079,,42174
2022-12-30 16:42:55.396000,,,28855130,,42175
2022-12-30 16:42:55.938000,,,28855135,,
2022-12-30 16:42:56.443000,,,28855136,,42176
2022-12-30 16:42:56.979000,,,28855242,,
2022-12-30 16:42:57.493000,128.6,128.62,28856502,,42177
2022-12-30 16:42:57.997000,,128.61,28861630,,
2022-12-30 16:42:58.510000,,,28861850,,42178
2022-12-30 16:42:59.056000,128.59,128.6,28863094,,
2022-12-30 16:42:59.604000,,,28863102,,42179
2022-12-30 16:43:00.148000,128.57,128.58,28864694,,42180
2022-12-30 16:43:00.663000,,,28864697,,
2022-12-30 16:43:01.178000,,,28864873,,42181
2022-12-30 16:43:01.684000,,,28864886,,
2022-12-30 16:43:02.207000,,,28865668,,42182
2022-12-30 16:43:02.753000,,,28865889,,
2022-12-30 16:43:03.301000,128.56,128.57,28866534,,
2022-12-30 16:43:03.812000,,,28866535,,42183
2022-12-30 16:43:04.333000,,,,,42184
2022-12-30 16:43:04.848000,,,28866536,,
2022-12-30 16:43:05.395000,128.55,128.56,28867474,,42185
2022-12-30 16:43:05.940000,,,28867475,,
2022-12-30 16:43:06.481000,128.56,128.57,28869989,,42186
2022-12-30 16:43:07.020000,,,28871190,,
2022-12-30 16:43:07.565000,,,28871208,,42187
2022-12-30 16:43:08.105000,128.55,128.56,28872070,,
2022-12-30 16:43:08.615000,128.56,128.57,28872296,,42188
2022-12-30 16:43:09.142000,128.58,128.59,28873669,,42189
2022-12-30 16:43:09.666000,128.57,,28873674,,
2022-12-30 16:43:10.189000,,,28873675,,42190
2022-12-30 16:43:10.706000,128.58,,28873752,,
2022-12-30 16:43:11.230000,,,28874157,,
2022-12-30 16:43:11.769000,,,28874261,,42191
2022-12-30 16:43:12.287000,,,28874362,,42192
2022-12-30 16:43:12.807000,128.57,128.58,28874472,,
2022-12-30 16:43:13.346000,,,28874681,,
2022-12-30 16:43:13.875000,,,28878127,,42193
2022-12-30 16:43:14.390000,,,28879038,,42194
2022-12-30 16:43:14.900000,,,28879302,,
2022-12-30 16:43:15.437000,,,28879876,,42195
2022-12-30 16:43:15.951000,,,28880479,,
2022-12-30 16:43:16.463000,,,28880881,,42196
2022-12-30 16:43:16.977000,,,28880891,,
2022-12-30 16:43:17.502000,,,28880893,,42197
2022-12-30 16:43:18.040000,,,28880895,,
2022-12-30 16:43:18.554000,,,28880921,,42198
2022-12-30 16:43:19.089000,,,28880947,,
2022-12-30 16:43:19.636000,,,28881054,,
2022-12-30 16:43:20.166000,,,28881169,,42200
2022-12-30 16:43:20.676000,,,28882040,,
2022-12-30 16:43:21.212000,,,28882140,,42201
2022-12-30 16:43:21.729000,,,28883094,,
2022-12-30 16:43:22.272000,,,28883395,,
2022-12-30 16:43:22.808000,,,28883518,,42202
2022-12-30 16:43:23.310000,,,28883596,,42203
2022-12-30 16:43:23.811000,,,28884800,,
2022-12-30 16:43:24.360000,128.58,128.59,28885366,,
2022-12-30 16:43:24.866000,,,28886368,,42204
2022-12-30 16:43:25.413000,,,28886569,,42205
2022-12-30 16:43:25.958000,,,28886683,,
2022-12-30 16:43:26.460000,128.56,128.57,28888503,,42206
2022-12-30 16:43:26.992000,,,28888766,,
2022-12-30 16:43:27.500000,,,28889080,,42207
2022-12-30 16:43:28.004000,,,28889084,,
2022-12-30 16:43:28.511000,,,28891427,,42208
2022-12-30 16:43:29.054000,,,28891433,,
2022-12-30 16:43:29.563000,128.55,128.56,28892388,,42209
2022-12-30 16:43:30.109000,,,28892389,,
2022-12-30 16:43:30.646000,128.56,128.57,28894105,,42210
2022-12-30 16:43:31.165000,128.55,,28894449,,42211
2022-12-30 16:43:31.668000,,,28895212,,
2022-12-30 16:43:32.211000,,,28895463,,42212
2022-12-30 16:43:32.731000,,,28895574,,
2022-12-30 16:43:33.253000,,,28895689,,
2022-12-30 16:43:33.790000,,,28895690,,42213
2022-12-30 16:43:34.324000,,,28895691,,
2022-12-30 16:43:34.837000,,,28895711,,42214
2022-12-30 16:43:35.361000,,128.56,28895729,,42215
2022-12-30 16:43:35.908000,,,28895792,,
2022-12-30 16:43:36.453000,128.53,128.54,28899053,,42216
2022-12-30 16:43:36.960000,,,28899172,,
2022-12-30 16:43:37.485000,128.52,128.53,28899831,,42217
2022-12-30 16:43:37.993000,,,28905065,,
2022-12-30 16:43:38.497000,,,28905367,,42218
2022-12-30 16:43:39.028000,,,28905373,,
2022-12-30 16:43:39.541000,,128.54,28905829,,42219
2022-12-30 16:43:40.609000,,,28905856,,42220
2022-12-30 16:43:41.114000,,,28905962,,
2022-12-30 16:43:41.631000,128.53,,28906523,,42221
2022-12-30 16:43:42.137000,,,28906925,,42222
2022-12-30 16:43:42.670000,128.54,128.55,28908979,,
2022-12-30 16:43:43.205000,128.52,128.54,28909493,,
2022-12-30 16:43:43.728000,,,28909594,,42223
2022-12-30 16:43:44.253000,128.53,,28909717,,42224
2022-12-30 16:43:44.769000,,,28909917,,
2022-12-30 16:43:45.284000,,,28909957,,
2022-12-30 16:43:45.790000,,,28910310,,42225
2022-12-30 16:43:46.293000,,,28910478,,42226
2022-12-30 16:43:46.816000,,,28910983,,
2022-12-30 16:43:47.342000,,,28910989,,42227
2022-12-30 16:43:47.844000,,,28910992,,
2022-12-30 16:43:48.391000,,,28911203,,42228
2022-12-30 16:43:48.909000,128.55,128.57,28912772,,
2022-12-30 16:43:49.412000,,128.56,28913386,,42229
2022-12-30 16:43:49.961000,,,28913493,,
2022-12-30 16:43:50.489000,,,28913494,,42230
2022-12-30 16:43:51.025000,,,28913533,,
2022-12-30 16:43:51.552000,128.56,128.57,28913656,,42231
2022-12-30 16:43:52.101000,,,28913907,,
2022-12-30 16:43:52.626000,,,28923506,,42232
2022-12-30 16:43:53.127000,,,28924317,,
2022-12-30 16:43:53.651000,128.57,128.58,28925053,,42233
2022-12-30 16:43:54.168000,,,28925409,,42234
2022-12-30 16:43:54.697000,,,28925410,,
2022-12-30 16:43:55.245000,,,28925628,,42235
2022-12-30 16:43:55.757000,,,28925766,,
2022-12-30 16:43:56.292000,,,28925767,,
2022-12-30 16:43:56.813000,,,28925870,,42236
2022-12-30 16:43:57.358000,,,28925911,,42237
2022-12-30 16:43:57.884000,,,28926085,,
2022-12-30 16:43:58.415000,128.59,128.6,28927222,,42238
2022-12-30 16:43:58.943000,128.61,128.62,28928543,,
2022-12-30 16:43:59.453000,128.59,128.61,28930785,,42239
2022-12-30 16:43:59.962000,,,28931097,,
2022-12-30 16:44:00.471000,128.6,,28931400,,42240
2022-12-30 16:44:00.999000,,,28932227,,
2022-12-30 16:44:01.537000,128.61,128.63,28934568,,42241
2022-12-30 16:44:02.040000,128.62,,28935045,,
2022-12-30 16:44:02.566000,,,28935657,,42242
2022-12-30 16:44:03.084000,128.63,128.64,28936361,,
2022-12-30 16:44:03.631000,,,28936417,,42243
2022-12-30 16:44:04.144000,,,28936559,,
2022-12-30 16:44:04.676000,128.62,128.63,28938619,,42244
2022-12-30 16:44:05.205000,128.61,128.62,28940742,,42245
2022-12-30 16:44:05.713000,,,28941389,,
2022-12-30 16:44:06.246000,,,28942050,,42246
2022-12-30 16:44:06.761000,,,28943202,,
2022-12-30 16:44:07.302000,,,28944994,,
2022-12-30 16:44:07.851000,,,28945098,,42247
2022-12-30 16:44:08.393000,,,28946941,,
2022-12-30 16:44:08.931000,,,28947594,,42248
2022-12-30 16:44:09.443000,,,28947595,,42249
2022-12-30 16:44:09.951000,,,28947600,,
2022-12-30 16:44:10.492000,,,28947620,,42250
2022-12-30 16:44:11.002000,128.6,128.61,28949274,,
2022-12-30 16:44:11.561000,,,28949275,,42251
2022-12-30 16:44:12.064000,,,28949276,,
2022-12-30 16:44:12.625000,128.59,128.6,28950200,,42252
2022-12-30 16:44:13.148000,128.57,128.59,28951383,,
2022-12-30 16:44:13.663000,128.58,,28951504,,42253
2022-12-30 16:44:14.193000,,,28953928,,
2022-12-30 16:44:14.702000,128.57,128.58,28954065,,42254
2022-12-30 16:44:15.228000,128.58,128.59,28955334,,42255
2022-12-30 16:44:15.761000,,,28956660,,
2022-12-30 16:44:16.290000,,,28956678,,
2022-12-30 16:44:16.825000,,,28956842,,42256
2022-12-30 16:44:17.347000,128.59,128.6,28959277,,42257
2022-12-30 16:44:17.863000,,,28959284,,
2022-12-30 16:44:18.390000,,,28959838,,
2022-12-30 16:44:18.896000,,,28959881,,42258
2022-12-30 16:44:19.398000,,,28960039,,42259
2022-12-30 16:44:19.935000,,,28960106,,
2022-12-30 16:44:20.459000,,,28960448,,42260
2022-12-30 16:44:20.961000,,,28960449,,
2022-12-30 16:44:21.488000,,,28966595,,42261
2022-12-30 16:44:22.018000,,,28966679,,
2022-12-30 16:44:22.540000,,,28966705,,42262
2022-12-30 16:44:23.041000,128.57,128.58,28968534,,
2022-12-30 16:44:23.561000,,,28968535,,42263
2022-12-30 16:44:24.103000,,,28968552,,
2022-12-30 16:44:24.613000,128.55,128.57,28969937,,42264
2022-12-30 16:44:25.157000,128.57,128.58,28971128,,
2022-12-30 16:44:25.662000,,,28971130,,42265
2022-12-30 16:44:26.176000,128.56,,28971562,,42266
2022-12-30 16:44:26.710000,,128.57,28971564,,
2022-12-30 16:44:27.212000,,,28971647,,42267
2022-12-30 16:44:27.723000,,,28971657,,
2022-12-30 16:44:28.229000,,,28971671,,42268
2022-12-30 16:44:28.739000,,,28972301,,
2022-12-30 16:44:29.273000,,,28972442,,
2022-12-30 16:44:29.776000,,,28972873,,
2022-12-30 16:44:30.311000,128.55,128.56,28973410,,42270
2022-12-30 16:44:30.837000,,,28973509,,
2022-12-30 16:44:31.361000,,,28973512,,
2022-12-30 16:44:31.882000,128.54,128.55,28974727,,42271
2022-12-30 16:44:32.385000,,,28974867,,42272
2022-12-30 16:44:32.895000,,,28975361,,
2022-12-30 16:44:33.402000,128.53,128.54,28978186,,42273
2022-12-30 16:44:33.931000,,,28979067,,
2022-12-30 16:44:34.471000,,,28980238,,42274
2022-12-30 16:44:35.000000,,,28980837,,
2022-12-30 16:44:35.517000,128.51,128.53,28981983,,42275
2022-12-30 16:44:36.064000,,128.52,28982278,,
2022-12-30 16:44:36.594000,128.49,128.5,28986083,,42276
2022-12-30 16:44:37.123000,128.48,128.49,28990168,,
2022-12-30 16:44:37.633000,128.49,128.51,28990774,,42277
2022-12-30 16:44:38.157000,,,28990980,,
2022-12-30 16:44:38.701000,,,28991085,,42278
2022-12-30 16:44:39.207000,,,28991178,,
2022-12-30 16:44:39.720000,,,28992491,,42279
2022-12-30 16:44:40.267000,,,28993183,,
2022-12-30 16:44:40.802000,128.5,,28993656,,42280
2022-12-30 16:44:41.364000,,,28994770,,42281
2022-12-30 16:44:41.900000,,,28994881,,
2022-12-30 16:44:42.431000,128.51,128.53,28999801,,42282
2022-12-30 16:44:42.955000,,,28999902,,
2022-12-30 16:44:43.474000,128.52,,29000023,,42283
2022-12-30 16:44:44.016000,128.53,128.54,29003715,,
2022-12-30 16:44:44.547000,,,29004026,,42284
2022-12-30 16:44:45.067000,128.52,128.53,29004329,,
2022-12-30 16:44:45.605000,,,29004332,,42285
2022-12-30 16:44:46.112000,,,29004375,,
2022-12-30 16:44:46.648000,,,29004376,,42286
2022-12-30 16:44:47.164000,,,29004536,,
2022-12-30 16:44:47.666000,,,29004842,,
2022-12-30 16:44:48.190000,,,29005345,,42288
2022-12-30 16:44:48.711000,128.51,128.52,29005844,,
2022-12-30 16:44:49.247000,,,29006113,,42289
2022-12-30 16:44:49.751000,,,29006170,,
2022-12-30 16:44:50.275000,128.52,128.53,29006589,,42290
2022-12-30 16:44:50.788000,,,29006814,,
2022-12-30 16:44:51.333000,128.5,128.51,29008396,,42291
2022-12-30 16:44:51.880000,128.53,128.54,29313348,,
2022-12-30 16:44:52.412000,,,29313479,,42292
2022-12-30 16:44:52.955000,,,29313654,,
2022-12-30 16:44:53.497000,,128.55,29314157,,42293
2022-12-30 16:44:54.015000,128.55,128.56,29314646,,
2022-12-30 16:44:54.563000,,,29336877,,42294
2022-12-30 16:44:55.072000,,,29337004,,
2022-12-30 16:44:55.610000,,,29337107,,42295
2022-12-30 16:44:56.146000,,,29337291,,
2022-12-30 16:44:56.674000,,,29337397,,
2022-12-30 16:44:57.194000,,,29338399,,42297
2022-12-30 16:44:57.696000,,,29338650,,
2022-12-30 16:44:58.205000,,,29338652,,
2022-12-30 16:44:58.720000,,,29338784,,42298
2022-12-30 16:44:59.242000,128.57,128.58,29340370,,42299
2022-12-30 16:44:59.746000,,,29340373,,
2022-12-30 16:45:00.252000,,,29342884,,42300
2022-12-30 16:45:00.777000,,,29350294,,
2022-12-30 16:45:01.315000,128.6,128.61,29350899,,42301
2022-12-30 16:45:01.855000,128.59,128.6,29353307,,
2022-12-30 16:45:02.384000,,128.61,29353321,,42302
2022-12-30 16:45:02.921000,128.6,,29353406,,
2022-12-30 16:45:03.438000,128.59,128.6,29354889,,42303
2022-12-30 16:45:03.962000,,,29354901,,
2022-12-30 16:45:04.479000,128.6,128.61,29356240,,42304
2022-12-30 16:45:05.030000,128.59,128.6,29357290,,
2022-12-30 16:45:05.540000,,,29357754,,42305
2022-12-30 16:45:06.069000,,,29359757,,
2022-12-30 16:45:06.617000,128.6,128.61,29360070,,42306
2022-12-30 16:45:07.158000,,,29360224,,
2022-12-30 16:45:07.680000,128.59,128.6,29361998,,42307
2022-12-30 16:45:08.224000,,,29370146,,42308
2022-12-30 16:45:09.279000,,,29370150,,42309
2022-12-30 16:45:09.803000,128.58,128.59,29370767,,
2022-12-30 16:45:10.319000,,,29370803,,
2022-12-30 16:45:10.825000,128.57,128.58,29374899,,42310
2022-12-30 16:45:11.331000,,,29374901,,42311
2022-12-30 16:45:11.853000,,,29374907,,
2022-12-30 16:45:12.375000,128.59,128.6,29375220,,
2022-12-30 16:45:12.902000,128.58,128.59,29381476,,42312
2022-12-30 16:45:13.404000,,,29381828,,42313
2022-12-30 16:45:13.949000,,,29382028,,
2022-12-30 16:45:14.464000,,,29382043,,
2022-12-30 16:45:14.978000,,,29385246,,
2022-12-30 16:45:15.506000,128.57,128.58,29386056,,42315
2022-12-30 16:45:16.035000,,,29386708,,
2022-12-30 16:45:16.539000,128.56,128.57,29387225,,42316
2022-12-30 16:45:17.047000,128.58,128.59,29389661,,
2022-12-30 16:45:17.548000,,,29390306,,42317
2022-12-30 16:45:18.064000,128.57,128.58,29390357,,
2022-12-30 16:45:18.591000,128.56,,29392499,,42318
2022-12-30 16:45:19.125000,,,29392619,,
2022-12-30 16:45:19.644000,,,29393420,,42319
2022-12-30 16:45:20.164000,128.57,,29393669,,
2022-12-30 16:45:20.682000,128.56,,29393670,,42320
2022-12-30 16:45:21.186000,128.57,,29393763,,
2022-12-30 16:45:21.691000,,,29393770,,
2022-12-30 16:45:22.195000,128.58,128.59,29394324,,42322
2022-12-30 16:45:22.713000,,,29394326,,
2022-12-30 16:45:23.223000,128.57,128.58,29394537,,42323
2022-12-30 16:45:23.741000,,,29395307,,
2022-12-30 16:45:24.246000,128.58,128.59,29395509,,
2022-12-30 16:45:24.748000,,,29395512,,42324
2022-12-30 16:45:25.283000,,,29396186,,42325
2022-12-30 16:45:25.785000,,,29397504,,
2022-12-30 16:45:26.321000,,,29397595,,42326
2022-12-30 16:45:26.831000,,,29399817,,
2022-12-30 16:45:27.365000,128.59,128.6,29401184,,42327
2022-12-30 16:45:27.872000,,,29401536,,
2022-12-30 16:45:28.396000,,,29403027,,42328
2022-12-30 16:45:28.944000,,,29403183,,
2022-12-30 16:45:29.457000,128.58,128.59,29403313,,42329
2022-12-30 16:45:29.998000,,,29403324,,
2022-12-30 16:45:30.506000,,,29403477,,42330
2022-12-30 16:45:31.011000,,,29403484,,
2022-12-30 16:45:31.520000,,,29403508,,42331
2022-12-30 16:45:32.049000,,,29403510,,
2022-12-30 16:45:32.558000,,,29403527,,
2022-12-30 16:45:33.090000,,,29406527,,42332
2022-12-30 16:45:33.602000,,,29406629,,42333
2022-12-30 16:45:34.108000,,,29406632,,
2022-12-30 16:45:34.615000,,,29406635,,42334
2022-12-30 16:45:35.116000,128.57,128.58,29408230,,
2022-12-30 16:45:35.630000,128.56,128.57,29411962,,42335
2022-12-30 16:45:36.156000,,,29411967,,
2022-12-30 16:45:36.671000,,,29413276,,42336
2022-12-30 16:45:37.193000,,,29415770,,
2022-12-30 16:45:37.741000,128.54,128.55,29417512,,42337
2022-12-30 16:45:38.280000,,,29417548,,
2022-12-30 16:45:38.792000,128.53,,29418372,,42338
2022-12-30 16:45:39.296000,,128.54,29418446,,
2022-12-30 16:45:39.842000,,128.55,29418766,,42339
2022-12-30 16:45:40.387000,,,29418816,,42340
2022-12-30 16:45:40.936000,,128.54,29418817,,
2022-12-30 16:45:41.452000,,,29420473,,42341
2022-12-30 16:45:41.971000,,,29420534,,
2022-12-30 16:45:42.492000,128.54,128.55,29422456,,42342
2022-12-30 16:45:43.021000,,,29423464,,
2022-12-30 16:45:43.533000,128.55,128.56,29423867,,42343
2022-12-30 16:45:44.060000,128.54,128.55,29423917,,
2022-12-30 16:45:44.573000,,,29424721,,42344
2022-12-30 16:45:45.078000,,,29424919,,
2022-12-30 16:45:45.626000,,,29424924,,42345
2022-12-30 16:45:46.150000,128.53,128.54,29426182,,
2022-12-30 16:45:46.685000,128.51,128.52,29427385,,42346
2022-12-30 16:45:47.194000,,,29428693,,42347
2022-12-30 16:45:47.721000,,128.53,,,
2022-12-30 16:45:48.265000,128.52,,29428704,,42348
2022-12-30 16:45:48.808000,,,29428712,,
2022-12-30 16:45:49.322000,,,29431915,,42349
2022-12-30 16:45:49.824000,,,29432038,,
2022-12-30 16:45:50.339000,,,29432220,,42350
2022-12-30 16:45:50.852000,128.53,128.54,29433578,,
2022-12-30 16:45:51.372000,,,29433941,,42351
2022-12-30 16:45:52.429000,128.52,128.53,29434060,,42352
2022-12-30 16:45:52.964000,,,29434910,,
2022-12-30 16:45:53.487000,128.51,128.52,29437596,,42353
2022-12-30 16:45:53.991000,,,29439743,,
2022-12-30 16:45:54.502000,,,29440085,,42354
2022-12-30 16:45:55.011000,,,29440285,,
2022-12-30 16:45:55.557000,,,29440343,,42355
2022-12-30 16:45:56.083000,128.5,128.51,29453989,,
2022-12-30 16:45:56.598000,,,29453990,,42356
2022-12-30 16:45:57.100000,,,29454217,,
2022-12-30 16:45:57.613000,,,,,42357
2022-12-30 16:45:58.131000,,,29454225,,
2022-12-30 16:45:58.670000,,,29454750,,42358
2022-12-30 16:45:59.171000,128.49,128.5,29458882,,
2022-12-30 16:45:59.685000,,,29458998,,42359
2022-12-30 16:46:00.186000,,,29459508,,
2022-12-30 16:46:00.692000,128.5,128.51,29460597,,42360
2022-12-30 16:46:01.208000,128.51,128.52,29462003,,42361
2022-12-30 16:46:01.731000,128.5,128.51,29463594,,
2022-12-30 16:46:02.236000,,,29468807,,
2022-12-30 16:46:02.746000,,,29468920,,42362
2022-12-30 16:46:03.265000,128.49,128.5,29469644,,42363
2022-12-30 16:46:03.781000,,,29471005,,
2022-12-30 16:46:04.301000,,,29471031,,42364
2022-12-30 16:46:04.830000,,,29471060,,
2022-12-30 16:46:05.356000,,,29471144,,42365
2022-12-30 16:46:05.872000,,,29471460,,
2022-12-30 16:46:06.380000,,,29471466,,
2022-12-30 16:46:06.909000,128.48,128.49,29473619,,42366
2022-12-30 16:46:07.447000,128.49,128.5,29474438,,42367
2022-12-30 16:46:07.988000,,,29474506,,
2022-12-30 16:46:08.531000,,,29474532,,42368
2022-12-30 16:46:09.054000,,,29474536,,
2022-12-30 16:46:09.590000,,,29474557,,42369
2022-12-30 16:46:10.117000,,,29474559,,
2022-12-30 16:46:10.658000,128.48,128.49,29475287,,42370
2022-12-30 16:46:11.195000,,,29475467,,
2022-12-30 16:46:11.713000,,,29476124,,
2022-12-30 16:46:12.235000,,,29476404,,42372
2022-12-30 16:46:12.752000,,,29476707,,
2022-12-30 16:46:13.280000,128.49,128.5,29477872,,42373
2022-12-30 16:46:13.815000,,,29483284,,
2022-12-30 16:46:14.340000,,,29483295,,42374
2022-12-30 16:46:14.878000,,,29484272,,
2022-12-30 16:46:15.404000,,,29484276,,42375
2022-12-30 16:46:15.937000,128.48,128.49,29485082,,
2022-12-30 16:46:16.440000,,,29485189,,42376
2022-12-30 16:46:16.989000,,,29485295,,
2022-12-30 16:46:17.499000,,,29485369,,42377
2022-12-30 16:46:18.006000,,,29485879,,
2022-12-30 16:46:18.515000,,,29487992,,
2022-12-30 16:46:19.040000,128.46,128.47,29493321,,42378
2022-12-30 16:46:19.544000,,,29493847,,42379
2022-12-30 16:46:20.055000,,,29493869,,
2022-12-30 16:46:20.559000,,,29495591,,42380
2022-12-30 16:46:21.072000,,,29497542,,
2022-12-30 16:46:21.596000,,,29498148,,42381
2022-12-30 16:46:22.102000,128.49,128.5,29502878,,
2022-12-30 16:46:22.650000,128.51,128.52,29506620,,42382
2022-12-30 16:46:23.167000,128.52,128.53,29506823,,
2022-12-30 16:46:23.686000,128.54,128.55,29507750,,42383
2022-12-30 16:46:24.253000,,,29510600,,42384
2022-12-30 16:46:24.759000,128.56,128.57,29512482,,
2022-12-30 16:46:25.320000,,,29514184,,42385
2022-12-30 16:46:25.841000,128.57,128.58,29515157,,
2022-12-30 16:46:26.377000,,,29515160,,42386
2022-12-30 16:46:26.908000,,,29515188,,
2022-12-30 16:46:27.448000,,128.59,29515389,,42387
2022-12-30 16:46:27.952000,,,29516140,,
2022-12-30 16:46:28.471000,,,29516324,,42388
2022-12-30 16:46:28.984000,,128.58,29516446,,
2022-12-30 16:46:29.532000,,,29516585,,42389
2022-12-30 16:46:30.587000,128.56,128.57,29518506,,42390
2022-12-30 16:46:31.629000,128.55,128.56,29520420,,42391
2022-12-30 16:46:32.150000,,,29520421,,
2022-12-30 16:46:32.656000,,,29520490,,42392
2022-12-30 16:46:33.185000,,,29520615,,
2022-12-30 16:46:33.695000,128.54,128.55,29523334,,42393
2022-12-30 16:46:34.309000,,,29523351,,42394
2022-12-30 16:46:34.861000,,,29523370,,
2022-12-30 16:46:35.372000,,,29523486,,42395
2022-12-30 16:46:35.874000,128.55,128.56,29524500,,
2022-12-30 16:46:36.410000,,,29524628,,42396
2022-12-30 16:46:36.958000,,,29524673,,
2022-12-30 16:46:37.491000,128.54,128.55,29525317,,42397
2022-12-30 16:46:38.004000,128.53,128.54,29526405,,
2022-12-30 16:46:38.532000,,,29526894,,42398
2022-12-30 16:46:39.044000,,,29526907,,
2022-12-30 16:46:39.548000,128.54,128.55,29527111,,42399
2022-12-30 16:46:40.079000,,,29527271,,
2022-12-30 16:46:40.605000,128.55,128.56,29527368,,42400
2022-12-30 16:46:41.127000,,,29527552,,
2022-12-30 16:46:41.654000,,,29527662,,42401
2022-12-30 16:46:42.171000,,,29528402,,
2022-12-30 16:46:42.675000,128.56,128.57,29528906,,42402
2022-12-30 16:46:43.199000,,,29530023,,
2022-12-30 16:46:43.733000,,,29530226,,42403
2022-12-30 16:46:44.238000,,,29530272,,42404
2022-12-30 16:46:44.754000,,,29530276,,
2022-12-30 16:46:45.299000,,,29530277,,42405
2022-12-30 16:46:45.828000,,,29530316,,
2022-12-30 16:46:46.337000,128.55,128.56,29531925,,42406
2022-12-30 16:46:46.863000,,,29532329,,
2022-12-30 16:46:47.377000,128.53,128.54,29532658,,42407
2022-12-30 16:46:47.914000,,,29532661,,
2022-12-30 16:46:48.421000,128.52,128.53,29533809,,42408
2022-12-30 16:46:48.929000,,,29534098,,
2022-12-30 16:46:49.474000,,,29534401,,42409
2022-12-30 16:46:50.018000,,,29534470,,
2022-12-30 16:46:50.541000,128.54,128.55,29534972,,42410
2022-12-30 16:46:51.061000,,,29535076,,
2022-12-30 16:46:51.602000,,,29535078,,42411
2022-12-30 16:46:52.654000,,,29535088,,
2022-12-30 16:46:53.191000,128.55,128.56,29535498,,42412
2022-12-30 16:46:53.708000,,,29535499,,42413
2022-12-30 16:46:54.224000,,,29536376,,42414
2022-12-30 16:46:54.749000,128.56,128.57,29539085,,
2022-12-30 16:46:55.259000,128.55,128.56,29539619,,42415
2022-12-30 16:46:55.782000,,,29539632,,
2022-12-30 16:46:56.284000,,,29540232,,42416
2022-12-30 16:46:56.801000,,,29540334,,
2022-12-30 16:46:57.307000,,,29540739,,42417
2022-12-30 16:46:57.831000,,,29540741,,
2022-12-30 16:46:58.340000,,,29540743,,
2022-12-30 16:46:58.846000,,,29540774,,42418
2022-12-30 16:46:59.390000,,,29540775,,42419
2022-12-30 16:46:59.923000,,,29544253,,
2022-12-30 16:47:00.430000,,128.57,29545478,,42420
2022-12-30 16:47:00.941000,,,29545479,,
2022-12-30 16:47:01.468000,,128.56,29545483,,42421
2022-12-30 16:47:02.016000,128.56,128.57,29546288,,
2022-12-30 16:47:02.531000,,,29546468,,42422
2022-12-30 16:47:03.067000,,,29546518,,
2022-12-30 16:47:03.570000,,,29546554,,42423
2022-12-30 16:47:04.088000,,,29547314,,
2022-12-30 16:47:04.602000,,,29547567,,42424
2022-12-30 16:47:05.107000,,,29548376,,
2022-12-30 16:47:05.621000,128.57,128.58,29550768,,42425
2022-12-30 16:47:06.145000,,,29550785,,
2022-12-30 16:47:06.666000,128.59,128.6,29552241,,42426
2022-12-30 16:47:07.185000,,,29553642,,
2022-12-30 16:47:07.695000,,,29554558,,42427
2022-12-30 16:47:08.234000,,,29557318,,42428
2022-12-30 16:47:08.760000,,,29557370,,
2022-12-30 16:47:09.276000,,,29557387,,
2022-12-30 16:47:09.819000,,,29557389,,42429
2022-12-30 16:47:10.863000,128.6,128.61,29561923,,42430
2022-12-30 16:47:11.383000,128.61,128.62,29562253,,42431
2022-12-30 16:47:11.893000,,,29562553,,
2022-12-30 16:47:12.442000,,,29562903,,42432
2022-12-30 16:47:12.968000,,,29563614,,
2022-12-30 16:47:13.492000,,,29564287,,42433
2022-12-30 16:47:15.036000,,,29564699,,42434
2022-12-30 16:47:15.551000,,,29564797,,42435
2022-12-30 16:47:16.065000,128.6,128.61,29569302,,
2022-12-30 16:47:16.576000,,,29570119,,42436
2022-12-30 16:47:17.108000,,,29570129,,
2022-12-30 16:47:17.657000,128.61,128.62,29570805,,42437
2022-12-30 16:47:18.201000,,,29571169,,
2022-12-30 16:47:18.719000,128.59,128.6,29572053,,42438
2022-12-30 16:47:19.226000,,,29572564,,
2022-12-30 16:47:19.749000,128.61,128.62,29572969,,42439
2022-12-30 16:47:20.295000,,,29573390,,42440
2022-12-30 16:47:20.832000,,,29573413,,
2022-12-30 16:47:21.343000,,,29574214,,42441
2022-12-30 16:47:21.869000,,,29574719,,
2022-12-30 16:47:22.370000,,,29574776,,42442
2022-12-30 16:47:22.905000,,,29574819,,
2022-12-30 16:47:23.409000,128.64,128.65,29588617,,42443
2022-12-30 16:47:23.940000,,,29589591,,
2022-12-30 16:47:24.489000,,,29591844,,42444
2022-12-30 16:47:25.006000,,,29593221,,
2022-12-30 16:47:25.530000,,,29595927,,42445
2022-12-30 16:47:26.043000,128.63,128.64,29599277,,
2022-12-30 16:47:26.556000,,,29600545,,42446
2022-12-30 16:47:27.083000,,,29602099,,
2022-12-30 16:47:27.609000,,,29604128,,42447
2022-12-30 16:47:28.140000,128.61,128.62,29605712,,
2022-12-30 16:47:28.680000,,,29605713,,42448
2022-12-30 16:47:29.201000,,,29609218,,
2022-12-30 16:47:29.720000,,,29612220,,42449
2022-12-30 16:47:30.260000,,,29612491,,
2022-12-30 16:47:30.790000,,,29618415,,42450
2022-12-30 16:47:31.321000,,,29618421,,
2022-12-30 16:47:31.842000,,,29618426,,
2022-12-30 16:47:32.383000,128.6,128.61,29621853,,42452
2022-12-30 16:47:32.901000,,,29622462,,
2022-12-30 16:47:33.448000,,,29622472,,42453
2022-12-30 16:47:33.982000,,,29622483,,
2022-12-30 16:47:34.484000,,,29622484,,
2022-12-30 16:47:35.013000,,,29622628,,42454
2022-12-30 16:47:35.521000,,,29622631,,
2022-12-30 16:47:36.022000,,,29622772,,42455
2022-12-30 16:47:36.541000,,,29622775,,42456
2022-12-30 16:47:37.054000,,,29623451,,
2022-12-30 16:47:37.556000,,,29623918,,42457
2022-12-30 16:47:38.069000,,,29624087,,
2022-12-30 16:47:38.611000,,,29624089,,42458
2022-12-30 16:47:39.137000,,,29624316,,
2022-12-30 16:47:39.644000,,,29624531,,42459
2022-12-30 16:47:40.171000,,,29624622,,
2022-12-30 16:47:40.692000,,,29625410,,42460
2022-12-30 16:47:41.195000,,,29625531,,
2022-12-30 16:47:41.737000,,,29625605,,42461
2022-12-30 16:47:42.255000,,,29626760,,42462
2022-12-30 16:47:42.776000,,,29626861,,
2022-12-30 16:47:43.278000,,,29626885,,
2022-12-30 16:47:43.788000,128.58,128.59,29628973,,42463
2022-12-30 16:47:44.324000,,,29629821,,42464
2022-12-30 16:47:44.840000,,,29629950,,
2022-12-30 16:47:45.375000,,,29631400,,42465
2022-12-30 16:47:45.912000,,,29631503,,
2022-12-30 16:47:46.419000,,,29632249,,42466
2022-12-30 16:47:46.943000,,,29632257,,
2022-12-30 16:47:47.476000,,,29632651,,42467
2022-12-30 16:47:47.989000,,,29632753,,
2022-12-30 16:47:48.492000,,,29634839,,42468
2022-12-30 16:47:49.042000,,,29634948,,
2022-12-30 16:47:49.561000,,,29636182,,42469
2022-12-30 16:47:50.091000,,,29637088,,
2022-12-30 16:47:50.604000,,,29637393,,42470
2022-12-30 16:47:51.138000,,,29637396,,
2022-12-30 16:47:51.657000,,,29637453,,42471
2022-12-30 16:47:52.176000,,,29638960,,42472
2022-12-30 16:47:52.696000,,,29638962,,
2022-12-30 16:47:53.202000,,,29639095,,
2022-12-30 16:47:53.734000,,,29639905,,
2022-12-30 16:47:54.241000,,,29640125,,42474
2022-12-30 16:47:55.297000,,,29640371,,
2022-12-30 16:47:55.798000,,,29640435,,
2022-12-30 16:47:56.314000,,,29640537,,42475
2022-12-30 16:47:56.833000,,,29640541,,42476
2022-12-30 16:47:57.344000,,,29640947,,
2022-12-30 16:47:57.852000,128.6,128.61,29648575,,42477
2022-12-30 16:47:58.401000,128.68,128.7,29679126,,42478
2022-12-30 16:47:58.935000,128.69,,29686804,,
2022-12-30 16:47:59.450000,,,29687007,,42479
2022-12-30 16:47:59.997000,,,29687892,,
2022-12-30 16:48:00.520000,,,29688815,,42480
2022-12-30 16:48:01.052000,128.68,128.69,29692104,,
2022-12-30 16:48:01.567000,,,29692529,,42481
2022-12-30 16:48:02.085000,,,29692645,,
2022-12-30 16:48:02.622000,128.71,128.72,29698003,,42482
2022-12-30 16:48:03.143000,,,29703780,,42483
2022-12-30 16:48:03.644000,,,29704732,,
2022-12-30 16:48:04.166000,,,29707563,,42484
2022-12-30 16:48:04.680000,,,29707997,,
2022-12-30 16:48:05.223000,,,29708789,,
2022-12-30 16:48:05.770000,128.7,128.71,29711544,,42485
2022-12-30 16:48:06.275000,128.69,128.7,29712114,,42486
2022-12-30 16:48:06.790000,,,29712311,,
2022-12-30 16:48:07.293000,,,29712766,,42487
2022-12-30 16:48:07.822000,128.7,128.71,29714160,,
2022-12-30 16:48:08.347000,,,29715660,,42488
2022-12-30 16:48:08.865000,,,29715812,,
2022-12-30 16:48:09.410000,,,29715916,,42489
2022-12-30 16:48:09.913000,128.69,128.7,29720153,,
2022-12-30 16:48:10.422000,128.7,128.71,29720163,,42490
2022-12-30 16:48:10.961000,128.69,128.7,29721197,,
2022-12-30 16:48:11.469000,,,29721454,,42491
2022-12-30 16:48:12.017000,,,29722664,,
2022-12-30 16:48:12.527000,,,29722917,,42492
2022-12-30 16:48:13.053000,,128.71,29723008,,
2022-12-30 16:48:13.573000,,,29723612,,
2022-12-30 16:48:14.074000,128.7,,29724667,,42493
2022-12-30 16:48:14.578000,,,29726588,,
2022-12-30 16:48:15.111000,128.69,128.7,29727343,,42494
2022-12-30 16:48:15.656000,,,29730153,,42495
2022-12-30 16:48:16.172000,,,29730154,,42496
2022-12-30 16:48:16.689000,,,29730191,,
2022-12-30 16:48:17.212000,,,29730203,,
2022-12-30 16:48:17.716000,,,29733704,,42497
2022-12-30 16:48:18.248000,128.68,128.69,29735457,,42498
2022-12-30 16:48:18.772000,,,29736657,,
2022-12-30 16:48:19.292000,,,29736698,,42499
2022-12-30 16:48:19.797000,,,29737933,,
2022-12-30 16:48:20.302000,128.67,128.68,29739417,,42500
2022-12-30 16:48:20.806000,,,29740050,,
2022-12-30 16:48:21.341000,,,29740052,,42501
2022-12-30 16:48:21.855000,,,29740055,,
2022-12-30 16:48:22.403000,,,29741271,,42502
2022-12-30 16:48:22.915000,,,29742022,,
2022-12-30 16:48:23.949000,128.69,128.7,29743016,,42503
2022-12-30 16:48:24.480000,,,29743092,,42504
2022-12-30 16:48:25.006000,128.68,128.69,29745719,,
2022-12-30 16:48:25.521000,,,29746020,,
2022-12-30 16:48:26.037000,,,29746094,,42505
2022-12-30 16:48:26.578000,,,29746597,,42506
2022-12-30 16:48:27.125000,128.69,128.7,29746859,,
2022-12-30 16:48:27.648000,,,,,42507
2022-12-30 16:48:28.193000,,,29747060,,42508
2022-12-30 16:48:28.697000,,,29749787,,
2022-12-30 16:48:29.219000,,,29750543,,42509
2022-12-30 16:48:29.740000,,,29750848,,
2022-12-30 16:48:30.289000,,,29751195,,42510
2022-12-30 16:48:30.790000,,,29752237,,
2022-12-30 16:48:31.320000,128.68,128.69,29753523,,42511
2022-12-30 16:48:31.833000,,,29753530,,
2022-12-30 16:48:32.377000,128.67,128.68,29754638,,42512
2022-12-30 16:48:32.929000,128.66,128.67,29756907,,
2022-12-30 16:48:33.472000,,,29758451,,42513
2022-12-30 16:48:34.015000,128.65,,29758484,,
2022-12-30 16:48:34.561000,128.66,,29758713,,42514
2022-12-30 16:48:35.101000,,,29759732,,
2022-12-30 16:48:35.630000,,,29764725,,42515
2022-12-30 16:48:36.136000,,128.68,29764776,,
2022-12-30 16:48:36.681000,,,29764983,,42516
2022-12-30 16:48:37.188000,128.67,,29764985,,42517
2022-12-30 16:48:37.722000,,,29765504,,
2022-12-30 16:48:38.245000,,,29765704,,42518
2022-12-30 16:48:38.793000,128.68,128.69,29766811,,
2022-12-30 16:48:39.329000,,,29767221,,42519
2022-12-30 16:48:39.858000,,,29767226,,
2022-12-30 16:48:40.377000,,,29769058,,42520
2022-12-30 16:48:41.419000,,,29769067,,42521
2022-12-30 16:48:41.944000,,,29769591,,
2022-12-30 16:48:42.462000,,,29769599,,42522
2022-12-30 16:48:42.980000,128.69,128.7,29769910,,
2022-12-30 16:48:43.490000,,,29769920,,
2022-12-30 16:48:44.014000,,,29770127,,
2022-12-30 16:48:44.546000,128.7,128.71,29783601,,42524
2022-12-30 16:48:45.086000,128.71,128.72,29784963,,
2022-12-30 16:48:45.621000,,,29785926,,42525
2022-12-30 16:48:46.123000,128.7,128.71,29792728,,
2022-12-30 16:48:46.643000,128.71,128.72,29795202,,42526
2022-12-30 16:48:47.169000,,,29798905,,
2022-12-30 16:48:47.700000,,,29802466,,42527
2022-12-30 16:48:48.235000,128.72,128.73,29805267,,42528
2022-12-30 16:48:48.742000,128.71,128.72,29805590,,
2022-12-30 16:48:49.247000,,,29805654,,
2022-12-30 16:48:49.793000,,,29805656,,42529
2022-12-30 16:48:50.314000,,,29807291,,
2022-12-30 16:48:50.823000,,,29808294,,42530
2022-12-30 16:48:51.345000,,,29808396,,42531
2022-12-30 16:48:51.882000,,,29808899,,
2022-12-30 16:48:52.397000,,,29809412,,42532
2022-12-30 16:48:52.922000,128.73,128.74,29810085,,
2022-12-30 16:48:53.456000,,,29811189,,42533
2022-12-30 16:48:53.962000,128.74,128.75,29814055,,
2022-12-30 16:48:54.495000,,,29814477,,42534
2022-12-30 16:48:55.043000,128.73,128.74,29815551,,
2022-12-30 16:48:55.563000,,,29816046,,42535
2022-12-30 16:48:56.071000,,,29816157,,
2022-12-30 16:48:56.581000,,,29816707,,42536
2022-12-30 16:48:57.088000,,,29816709,,
2022-12-30 16:48:57.606000,,,29817048,,42537
2022-12-30 16:48:58.119000,,,29817982,,
2022-12-30 16:48:58.634000,128.71,128.73,29820957,,42538
2022-12-30 16:48:59.136000,128.72,,29822128,,
2022-12-30 16:48:59.639000,,,29822281,,42539
2022-12-30 16:49:00.180000,,,29822507,,
2022-12-30 16:49:00.728000,128.71,128.72,29823186,,42540
2022-12-30 16:49:01.251000,,,29823329,,42541
2022-12-30 16:49:01.774000,,,29823342,,
2022-12-30 16:49:02.295000,128.7,128.71,29824523,,42542
2022-12-30 16:49:02.799000,,,29826484,,
2022-12-30 16:49:03.310000,,,29826713,,42543
2022-12-30 16:49:03.819000,128.71,128.72,29829625,,
2022-12-30 16:49:04.324000,,,29829825,,42544
2022-12-30 16:49:04.837000,,,29829961,,
2022-12-30 16:49:05.363000,,,29830066,,42545
2022-12-30 16:49:05.872000,,,29831364,,
2022-12-30 16:49:06.404000,128.7,128.71,29833414,,42546
2022-12-30 16:49:06.908000,,,29833421,,
2022-12-30 16:49:07.411000,128.71,128.72,29834243,,42547
2022-12-30 16:49:07.958000,128.69,128.7,29837308,,
2022-12-30 16:49:08.481000,,128.71,29837871,,42548
2022-12-30 16:49:08.988000,,128.7,29838350,,
2022-12-30 16:49:09.516000,128.68,128.69,29841354,,42549
2022-12-30 16:49:10.054000,,,29843009,,
2022-12-30 16:49:10.582000,,,29843049,,42550
2022-12-30 16:49:11.104000,128.67,128.68,29844127,,
2022-12-30 16:49:11.643000,,,29844144,,42551
2022-12-30 16:49:12.176000,,,29844147,,
2022-12-30 16:49:12.677000,,,29844456,,42552
2022-12-30 16:49:13.197000,,,29844537,,
2022-12-30 16:49:13.699000,,,29844593,,42553
2022-12-30 16:49:14.228000,,,29844965,,
2022-12-30 16:49:14.749000,128.66,128.67,29851422,,42554
2022-12-30 16:49:15.318000,,,29853547,,42555
2022-12-30 16:49:15.831000,,,29853549,,
2022-12-30 16:49:16.357000,,,29854739,,42556
2022-12-30 16:49:16.896000,,,29855279,,
2022-12-30 16:49:17.421000,128.67,128.68,29855710,,42557
2022-12-30 16:49:18.003000,,,29856903,,
2022-12-30 16:49:18.511000,,,29858085,,42558
2022-12-30 16:49:19.048000,,,29858799,,
2022-12-30 16:49:19.550000,,,29858827,,
2022-12-30 16:49:20.076000,,,29858906,,42559
2022-12-30 16:49:20.609000,128.69,128.7,29860655,,42560
2022-12-30 16:49:21.120000,,,29861007,,
2022-12-30 16:49:21.649000,128.68,128.69,29861439,,42561
2022-12-30 16:49:22.177000,,,29861690,,
2022-12-30 16:49:22.691000,,128.7,29861709,,42562
2022-12-30 16:49:23.202000,,128.69,29865753,,
2022-12-30 16:49:23.769000,,,29865874,,42563
2022-12-30 16:49:24.287000,,,29865884,,42564
2022-12-30 16:49:25.308000,,128.7,29865909,,
2022-12-30 16:49:25.837000,128.69,,29866080,,42565
2022-12-30 16:49:26.360000,128.68,128.69,29866401,,42566
2022-12-30 16:49:26.896000,,,29866722,,
2022-12-30 16:49:27.399000,,,29867381,,42567
2022-12-30 16:49:27.915000,,,29867405,,
2022-12-30 16:49:28.421000,,,29867512,,42568
2022-12-30 16:49:28.958000,,,29867526,,
2022-12-30 16:49:29.485000,,,29867760,,42569
2022-12-30 16:49:30.021000,128.69,128.7,29867828,,
2022-12-30 16:49:30.525000,,,29867981,,42570
2022-12-30 16:49:31.035000,,,29868221,,
2022-12-30 16:49:31.563000,,,29868855,,42571
2022-12-30 16:49:32.613000,,,29868856,,42572
2022-12-30 16:49:33.135000,,,29868876,,
2022-12-30 16:49:33.646000,,,29868886,,42573
2022-12-30 16:49:34.173000,,,29868898,,
2022-12-30 16:49:34.688000,,,29869962,,42574
2022-12-30 16:49:35.236000,,,29870803,,
2022-12-30 16:49:35.772000,128.68,128.69,29873056,,42575
2022-12-30 16:49:36.290000,128.67,128.68,29879574,,42576
2022-12-30 16:49:36.804000,,,29880198,,
2022-12-30 16:49:37.325000,128.66,128.67,29885033,,
2022-12-30 16:49:37.841000,128.67,128.68,29885156,,42577
2022-12-30 16:49:38.361000,,,29885256,,42578
2022-12-30 16:49:38.878000,,,29886618,,
2022-12-30 16:49:39.424000,,,29887838,,42579
2022-12-30 16:49:39.966000,128.66,128.67,29888000,,
2022-12-30 16:49:40.492000,,,29888016,,
2022-12-30 16:49:41.018000,,,29888503,,42580
2022-12-30 16:49:41.533000,,,29889855,,42581
2022-12-30 16:49:42.076000,,,29891674,,
2022-12-30 16:49:42.616000,128.65,128.66,29894061,,42582
2022-12-30 16:49:43.141000,128.64,128.65,29895325,,
2022-12-30 16:49:43.682000,128.63,128.64,29896290,,42583
2022-12-30 16:49:44.199000,,,29896491,,
2022-12-30 16:49:44.716000,128.62,128.63,29904062,,42584
2022-12-30 16:49:45.237000,,,29906597,,
2022-12-30 16:49:45.780000,128.63,128.64,29907067,,42585
2022-12-30 16:49:46.328000,,,29907179,,42586
2022-12-30 16:49:46.839000,,,29909540,,
2022-12-30 16:49:47.341000,,,29910069,,
2022-12-30 16:49:47.890000,128.62,128.63,29910416,,42587
2022-12-30 16:49:48.430000,,,29911537,,42588
2022-12-30 16:49:48.968000,,,29912122,,
2022-12-30 16:49:49.514000,,,29912565,,
2022-12-30 16:49:50.022000,128.63,128.64,29913189,,42589
2022-12-30 16:49:50.555000,,,29913291,,42590
2022-12-30 16:49:51.066000,,,29913293,,
2022-12-30 16:49:51.604000,,,29913297,,42591
2022-12-30 16:49:52.133000,,,29913531,,42592
2022-12-30 16:49:52.655000,,,29914563,,
2022-12-30 16:49:53.195000,,,29915752,,
2022-12-30 16:49:53.710000,128.62,128.63,29916315,,42593
2022-12-30 16:49:54.257000,128.63,128.64,29916591,,42594
2022-12-30 16:49:54.766000,,,29916792,,
2022-12-30 16:49:55.296000,,,29916876,,42595
2022-12-30 16:49:55.805000,,,29917119,,
2022-12-30 16:49:56.341000,,,29918442,,42596
2022-12-30 16:49:56.889000,,,29918622,,
2022-12-30 16:49:57.391000,128.64,128.65,29918947,,42597
2022-12-30 16:49:57.910000,,,29919122,,
2022-12-30 16:49:58.433000,,,29919127,,42598
2022-12-30 16:49:58.968000,,,29919157,,
2022-12-30 16:49:59.513000,128.65,128.66,29920836,,42599
2022-12-30 16:50:00.037000,128.66,128.67,29921941,,
2022-12-30 16:50:00.585000,,128.68,29922414,,42600
2022-12-30 16:50:01.101000,,,29922547,,
2022-12-30 16:50:01.622000,,,29923163,,42601
2022-12-30 16:50:02.163000,,128.67,29923465,,
2022-12-30 16:50:02.666000,,,29923586,,42602
2022-12-30 16:50:03.215000,,,29924066,,
2022-12-30 16:50:03.725000,,,29925128,,42603
2022-12-30 16:50:04.257000,128.65,,29926432,,
2022-12-30 16:50:04.780000,,128.66,29926615,,42604
2022-12-30 16:50:05.308000,,,29927349,,42605
2022-12-30 16:50:05.827000,,,29929289,,
2022-12-30 16:50:06.351000,128.63,128.64,29932979,,42606
2022-12-30 16:50:06.894000,128.62,128.63,29933531,,
2022-12-30 16:50:07.402000,,128.64,29933843,,42607
2022-12-30 16:50:07.906000,,,29934903,,
2022-12-30 16:50:08.430000,,,29935347,,42608
2022-12-30 16:50:08.939000,,,29935446,,
2022-12-30 16:50:09.444000,128.63,128.65,29935573,,42609
2022-12-30 16:50:09.977000,,,29935724,,
2022-12-30 16:50:10.478000,128.64,,29936888,,42610
2022-12-30 16:50:11.020000,128.63,,29936907,,
2022-12-30 16:50:11.568000,,,29937085,,
2022-12-30 16:50:12.089000,128.64,128.66,29937136,,42611
2022-12-30 16:50:12.605000,128.65,,29938103,,42612
2022-12-30 16:50:13.115000,128.66,128.67,29941073,,42613
2022-12-30 16:50:13.616000,,,29941086,,
2022-12-30 16:50:14.136000,,,29943376,,
2022-12-30 16:50:14.670000,128.67,128.68,29943510,,42614
2022-12-30 16:50:15.172000,,,29943912,,42615
2022-12-30 16:50:15.716000,,,29944914,,
2022-12-30 16:50:16.231000,,,29944938,,
2022-12-30 16:50:16.749000,,,29944956,,42616
2022-12-30 16:50:17.270000,,,29945556,,42617
2022-12-30 16:50:17.806000,,,29947129,,
2022-12-30 16:50:18.336000,,,29947283,,
2022-12-30 16:50:18.882000,,,29949456,,42618
2022-12-30 16:50:19.422000,,,29949460,,42619
2022-12-30 16:50:19.932000,128.65,128.66,29958996,,
2022-12-30 16:50:20.448000,128.66,128.67,29960501,,42620
2022-12-30 16:50:20.952000,,128.68,29960579,,
2022-12-30 16:50:21.453000,,,29960589,,42621
2022-12-30 16:50:21.995000,,,29960625,,
2022-12-30 16:50:22.538000,,,29960660,,42622
2022-12-30 16:50:23.081000,,128.67,29960970,,
2022-12-30 16:50:23.614000,,,29961082,,
2022-12-30 16:50:24.120000,,,29961181,,
2022-12-30 16:50:24.622000,128.65,128.66,29961805,,42624
2022-12-30 16:50:25.123000,,,29962005,,
2022-12-30 16:50:25.632000,,,29962355,,42625
2022-12-30 16:50:26.155000,128.64,128.65,29963210,,42626
2022-12-30 16:50:26.672000,,,29963555,,
2022-12-30 16:50:27.207000,,,29963759,,
2022-12-30 16:50:27.713000,,,29963940,,42627
2022-12-30 16:50:28.219000,,,29964240,,42628
2022-12-30 16:50:28.734000,,128.66,29964344,,
2022-12-30 16:50:29.283000,,128.65,29964392,,42629
2022-12-30 16:50:29.800000,,,29964454,,
2022-12-30 16:50:30.348000,,,29964468,,
2022-12-30 16:50:30.881000,,,29965976,,42630
2022-12-30 16:50:31.387000,,,29966503,,42631
2022-12-30 16:50:31.898000,,,29967960,,
2022-12-30 16:50:32.424000,128.63,128.64,29968371,,42632
2022-12-30 16:50:32.964000,,,29968374,,
2022-12-30 16:50:33.502000,,,29968447,,42633
2022-12-30 16:50:34.030000,,,29968651,,
2022-12-30 16:50:34.558000,,,29968652,,42634
2022-12-30 16:50:35.098000,,,29968931,,
2022-12-30 16:50:35.636000,,,29969933,,42635
2022-12-30 16:50:36.143000,,,29969943,,
2022-12-30 16:50:36.654000,,,29970065,,
2022-12-30 16:50:37.170000,,128.65,29970227,,42637
2022-12-30 16:50:37.725000,,128.64,29970328,,
2022-12-30 16:50:38.230000,,,29970397,,
2022-12-30 16:50:38.764000,,,29970476,,42638
2022-12-30 16:50:39.281000,,,29970748,,42639
2022-12-30 16:50:39.830000,128.65,128.66,29974967,,
2022-12-30 16:50:40.378000,128.64,,29976569,,42640
2022-12-30 16:50:40.892000,128.65,,29976672,,
2022-12-30 16:50:41.404000,128.64,,29977476,,42641
2022-12-30 16:50:41.930000,,128.65,29977707,,
2022-12-30 16:50:42.445000,,,29977788,,42642
2022-12-30 16:50:42.968000,,,29977797,,
2022-12-30 16:50:43.497000,,,29978359,,42643
2022-12-30 16:50:44.005000,,128.66,29978803,,
2022-12-30 16:50:44.533000,128.62,128.63,29982086,,42644
2022-12-30 16:50:45.070000,128.63,128.64,29982288,,
2022-12-30 16:50:45.581000,128.62,128.63,29982643,,42645
2022-12-30 16:50:46.115000,128.63,128.64,29982893,,
2022-12-30 16:50:46.642000,,,29983729,,42646
2022-12-30 16:50:47.219000,,,29984741,,42647
2022-12-30 16:50:47.755000,,,29985694,,
2022-12-30 16:50:48.301000,,,29985811,,42648
2022-12-30 16:50:48.828000,,,29986385,,
2022-12-30 16:50:49.341000,,,29986592,,
2022-12-30 16:50:49.860000,,,29986695,,42649
2022-12-30 16:50:50.380000,,,29986768,,42650
2022-12-30 16:50:50.884000,128.62,128.63,29987284,,
2022-12-30 16:50:51.420000,,,29987462,,
2022-12-30 16:50:51.949000,,,29987909,,42651
2022-12-30 16:50:52.487000,,,29988011,,42652
2022-12-30 16:50:52.988000,,,29988017,,
2022-12-30 16:50:53.494000,,,29988019,,42653
2022-12-30 16:50:54.008000,,,29988388,,
2022-12-30 16:50:54.535000,,,29988390,,42654
2022-12-30 16:50:55.076000,,,29989891,,
2022-12-30 16:50:55.603000,,,29990370,,42655
2022-12-30 16:50:56.108000,,,29990398,,
2022-12-30 16:50:56.614000,,,29990523,,42656
2022-12-30 16:50:57.131000,,,29990526,,
2022-12-30 16:50:57.650000,,,29990529,,42657
2022-12-30 16:50:58.222000,,,29990530,,
2022-12-30 16:50:58.734000,,,29990631,,42658
2022-12-30 16:50:59.253000,,,29990718,,
2022-12-30 16:50:59.802000,,,29990864,,42659
2022-12-30 16:51:00.327000,128.63,128.64,29991657,,42660
2022-12-30 16:51:00.848000,,,29991718,,
2022-12-30 16:51:01.379000,,,29992345,,
2022-12-30 16:51:01.883000,,,29992489,,42661
2022-12-30 16:51:02.430000,,,29993307,,42662
2022-12-30 16:51:02.942000,,,29993442,,
2022-12-30 16:51:03.484000,,,29993573,,42663
2022-12-30 16:51:04.031000,,,29993933,,
2022-12-30 16:51:04.554000,,,29993975,,42664
2022-12-30 16:51:05.067000,,,29993988,,
2022-12-30 16:51:05.596000,128.62,128.63,29995278,,42665
2022-12-30 16:51:06.131000,,,29995427,,
2022-12-30 16:51:06.661000,128.63,128.64,29995983,,42666
2022-12-30 16:51:07.166000,,,29998000,,
2022-12-30 16:51:07.693000,,,29998016,,42667
2022-12-30 16:51:08.206000,128.64,128.65,29998307,,
2022-12-30 16:51:08.714000,,,29998359,,
2022-12-30 16:51:09.259000,128.63,,30001728,,42668
2022-12-30 16:51:09.772000,,,30001831,,42669
2022-12-30 16:51:10.281000,,,30003760,,
2022-12-30 16:51:10.820000,,,30003828,,42670
2022-12-30 16:51:11.347000,128.64,,30003848,,42671
2022-12-30 16:51:11.859000,,,30003873,,
2022-12-30 16:51:12.394000,,,,,42672
2022-12-30 16:51:12.919000,,,30003892,,
2022-12-30 16:51:13.426000,128.66,128.67,30004766,,42673
2022-12-30 16:51:13.941000,128.65,,30006377,,
2022-12-30 16:51:14.480000,,128.66,30006386,,42674
2022-12-30 16:51:15.019000,,128.67,30007331,,
2022-12-30 16:51:15.527000,,,30007345,,42675
2022-12-30 16:51:16.065000,,,30007507,,
2022-12-30 16:51:16.608000,,,30007552,,42676
2022-12-30 16:51:17.123000,,,30008451,,
2022-12-30 16:51:17.646000,,,30009154,,42677
2022-12-30 16:51:18.167000,128.66,,30010791,,
2022-12-30 16:51:18.694000,,,30011291,,42678
2022-12-30 16:51:19.211000,,,30011292,,
2022-12-30 16:51:19.720000,,,30011415,,42679
2022-12-30 16:51:20.225000,128.63,128.64,30030213,,
2022-12-30 16:51:20.730000,,,30030523,,42680
2022-12-30 16:51:21.279000,128.64,128.66,30030647,,42681
2022-12-30 16:51:21.788000,128.65,,30030660,,
2022-12-30 16:51:22.335000,,,30031236,,42682
2022-12-30 16:51:22.845000,,,30031242,,
2022-12-30 16:51:23.391000,,,30031243,,42683
2022-12-30 16:51:23.933000,128.64,,30031541,,
2022-12-30 16:51:24.470000,,,30031742,,42684
2022-12-30 16:51:24.999000,128.65,,30031789,,
2022-12-30 16:51:25.507000,,,30033418,,42685
2022-12-30 16:51:26.032000,,,30033626,,
2022-12-30 16:51:26.573000,,,30033858,,42686
2022-12-30 16:51:27.085000,,,30034276,,
2022-12-30 16:51:27.608000,,,30034304,,42687
2022-12-30 16:51:28.118000,,,30034308,,
2022-12-30 16:51:28.622000,128.66,128.67,30034630,,42688
2022-12-30 16:51:29.143000,128.65,128.66,30034632,,
2022-12-30 16:51:29.657000,,,30035111,,42689
2022-12-30 16:51:30.180000,,,30035235,,42690
2022-12-30 16:51:30.687000,,,30035237,,
2022-12-30 16:51:31.191000,,,30035595,,
2022-12-30 16:51:31.728000,,,30035661,,42691
2022-12-30 16:51:32.263000,,,30035667,,
2022-12-30 16:51:32.786000,128.66,128.67,30035695,,42692
2022-12-30 16:51:33.293000,128.67,128.68,30036834,,42693
2022-12-30 16:51:33.839000,,128.69,30037905,,
2022-12-30 16:51:34.371000,128.68,128.7,30038219,,42694
2022-12-30 16:51:34.896000,,,30040226,,
2022-12-30 16:51:35.425000,,128.69,30040227,,42695
2022-12-30 16:51:35.930000,,,30040229,,
2022-12-30 16:51:36.449000,,,30040440,,42696
2022-12-30 16:51:36.973000,,,30041232,,
2022-12-30 16:51:37.475000,,,30041241,,
2022-12-30 16:51:38.024000,,,30042642,,42697
2022-12-30 16:51:38.534000,128.67,128.68,30043859,,42698
2022-12-30 16:51:39.039000,,,30044084,,
2022-12-30 16:51:39.557000,,,30048159,,42699
2022-12-30 16:51:40.078000,,,30048265,,42700
2022-12-30 16:51:40.593000,128.68,128.69,30048907,,
2022-12-30 16:51:41.120000,,,30048908,,42701
2022-12-30 16:51:41.628000,,,30050712,,
2022-12-30 16:51:42.162000,,,30050759,,
2022-12-30 16:51:42.709000,,,30051551,,42702
2022-12-30 16:51:43.245000,,,30051613,,
2022-12-30 16:51:43.766000,,,30051615,,42703
2022-12-30 16:51:44.314000,,,30051621,,42704
2022-12-30 16:51:44.859000,128.69,128.7,30056389,,
2022-12-30 16:51:45.373000,,,30058192,,42705
2022-12-30 16:51:45.899000,128.7,128.71,30058858,,
2022-12-30 16:51:46.425000,,,30059351,,42706
2022-12-30 16:51:46.960000,,,30059602,,
2022-12-30 16:51:47.504000,,,30060238,,42707
2022-12-30 16:51:48.017000,,,30060512,,
2022-12-30 16:51:48.525000,128.71,128.72,30061751,,42708
2022-12-30 16:51:49.031000,,128.73,30063674,,
2022-12-30 16:51:49.559000,,,30067584,,
2022-12-30 16:51:50.075000,,128.72,30068285,,42709
2022-12-30 16:51:50.603000,,,30068496,,42710
2022-12-30 16:51:51.138000,,,30069255,,42711
2022-12-30 16:51:51.663000,,,30069270,,
2022-12-30 16:51:52.177000,,,30069284,,42712
2022-12-30 16:51:52.710000,128.7,128.71,30071786,,
2022-12-30 16:51:53.221000,,,30071797,,
2022-12-30 16:51:53.746000,,,30071847,,
2022-12-30 16:51:54.266000,,,30071949,,
2022-12-30 16:51:54.808000,,,30072050,,42714
2022-12-30 16:51:55.316000,,,30072526,,42715
2022-12-30 16:51:55.823000,,,30073378,,
2022-12-30 16:51:56.338000,128.69,128.7,30074289,,
2022-12-30 16:51:56.850000,,,30075000,,42716
2022-12-30 16:51:57.388000,,,30076412,,42717
2022-12-30 16:51:57.915000,,,30076712,,
2022-12-30 16:51:58.438000,,,30076905,,42718
2022-12-30 16:51:58.965000,128.68,128.69,30078132,,
2022-12-30 16:51:59.498000,,128.7,30079428,,42719
2022-12-30 16:52:00.016000,,,30079519,,
2022-12-30 16:52:00.534000,,,30079886,,42720
2022-12-30 16:52:01.056000,,128.69,30080052,,
2022-12-30 16:52:01.578000,,,30080053,,42721
2022-12-30 16:52:02.094000,128.69,128.7,30086608,,
2022-12-30 16:52:02.628000,,,30089662,,42722
2022-12-30 16:52:03.175000,,,30101805,,42723
2022-12-30 16:52:03.701000,,,30102026,,
2022-12-30 16:52:04.233000,,,30102533,,
2022-12-30 16:52:04.771000,,,30105812,,42724
2022-12-30 16:52:05.282000,128.7,128.71,30107212,,42725
2022-12-30 16:52:05.802000,,,30107864,,
2022-12-30 16:52:06.318000,128.69,,30108138,,
2022-12-30 16:52:06.851000,128.73,128.74,30115482,,42726
2022-12-30 16:52:07.370000,,,30115551,,42727
2022-12-30 16:52:07.883000,,,30116999,,
2022-12-30 16:52:08.414000,,,30117833,,42728
2022-12-30 16:52:08.939000,,128.75,30118706,,
2022-12-30 16:52:09.453000,,128.74,30120467,,42729
2022-12-30 16:52:09.958000,,128.75,30120585,,
2022-12-30 16:52:10.482000,,,30120799,,42730
2022-12-30 16:52:10.983000,,,30125627,,
2022-12-30 16:52:11.487000,,,30126481,,42731
2022-12-30 16:52:12.015000,,,30127772,,
2022-12-30 16:52:12.535000,128.74,,30127813,,42732
2022-12-30 16:52:13.041000,,,30128088,,
2022-12-30 16:52:13.545000,128.73,128.74,30128838,,42733
2022-12-30 16:52:14.053000,128.72,128.73,30135068,,
2022-12-30 16:52:14.581000,,,30136383,,42734
2022-12-30 16:52:15.106000,,,30136388,,
2022-12-30 16:52:15.648000,,,30136426,,42735
2022-12-30 16:52:16.155000,,,30136479,,
2022-12-30 16:52:16.685000,,,30136519,,42736
2022-12-30 16:52:17.234000,128.71,128.72,30137764,,
2022-12-30 16:52:17.748000,128.7,128.71,30140577,,42737
2022-12-30 16:52:18.253000,,,30140624,,42738
2022-12-30 16:52:19.274000,128.71,128.73,30141534,,42739
2022-12-30 16:52:19.823000,128.73,128.74,30141736,,
2022-12-30 16:52:20.335000,,128.75,30141841,,42740
2022-12-30 16:52:21.370000,,,30142848,,
2022-12-30 16:52:21.876000,,128.74,30143099,,42741
2022-12-30 16:52:22.400000,,,30143254,,42742
2022-12-30 16:52:22.940000,,,30143355,,
2022-12-30 16:52:23.452000,,128.75,30144112,,42743
2022-12-30 16:52:23.953000,,128.74,30144213,,
2022-12-30 16:52:24.471000,,,30144215,,
2022-12-30 16:52:24.993000,,,30144263,,42744
2022-12-30 16:52:25.500000,,,30144677,,42745
2022-12-30 16:52:26.022000,,,30144678,,
2022-12-30 16:52:26.543000,128.74,128.75,30145100,,42746
2022-12-30 16:52:27.060000,,,30146230,,
2022-12-30 16:52:27.593000,,,30147857,,42747
2022-12-30 16:52:28.105000,128.75,128.76,30151746,,
2022-12-30 16:52:28.616000,,,30151780,,42748
2022-12-30 16:52:29.154000,128.74,128.75,30153324,,
2022-12-30 16:52:29.699000,,128.76,30156821,,42749
2022-12-30 16:52:30.206000,,128.75,30156937,,42750
2022-12-30 16:52:30.722000,128.75,128.76,30157848,,
2022-12-30 16:52:31.238000,,,30159560,,42751
2022-12-30 16:52:31.745000,,,30159607,,
2022-12-30 16:52:32.257000,,,30163732,,42752
2022-12-30 16:52:32.804000,,,30166022,,
2022-12-30 16:52:33.322000,128.74,128.75,30167579,,42753
2022-12-30 16:52:33.826000,,,30168039,,
2022-12-30 16:52:34.359000,,,30169114,,42754
2022-12-30 16:52:34.896000,128.73,,30170819,,
2022-12-30 16:52:35.400000,,,30171024,,42755
2022-12-30 16:52:35.905000,128.74,,30171127,,
2022-12-30 16:52:36.412000,,,30171729,,
2022-12-30 16:52:36.913000,,,30171793,,42756
2022-12-30 16:52:37.438000,,,30171794,,42757
2022-12-30 16:52:37.953000,,,30171814,,
2022-12-30 16:52:38.481000,128.72,128.73,30183474,,42758
2022-12-30 16:52:39.005000,,,30183690,,
2022-12-30 16:52:39.539000,,,30183735,,42759
2022-12-30 16:52:40.574000,,,30184498,,42760
2022-12-30 16:52:41.080000,,,30184591,,
2022-12-30 16:52:41.601000,128.71,128.72,30186340,,42761
2022-12-30 16:52:42.142000,,,30189483,,
2022-12-30 16:52:42.674000,,,30189486,,42762
2022-12-30 16:52:43.218000,,,30193413,,42763
2022-12-30 16:52:43.753000,128.7,128.71,30196127,,
2022-12-30 16:52:44.262000,,,30196158,,42764
2022-12-30 16:52:44.788000,128.69,128.7,30199935,,
2022-12-30 16:52:45.301000,,,30199938,,42765
2022-12-30 16:52:45.849000,,,30199983,,
2022-12-30 16:52:46.357000,,,30201386,,42766
2022-12-30 16:52:46.860000,,,30201591,,
2022-12-30 16:52:47.394000,,,30201842,,42767
2022-12-30 16:52:47.919000,,,30202994,,
2022-12-30 16:52:48.430000,,,30202997,,42768
2022-12-30 16:52:48.935000,,,30203232,,
2022-12-30 16:52:49.466000,,,30203238,,42769
2022-12-30 16:52:49.983000,,,30203347,,
2022-12-30 16:52:50.508000,,,30203863,,42770
2022-12-30 16:52:51.037000,,,30204843,,
2022-12-30 16:52:51.545000,,,30204943,,42771
2022-12-30 16:52:52.064000,,,30205343,,
2022-12-30 16:52:52.571000,,,30205645,,42772
2022-12-30 16:52:53.116000,128.68,128.69,30208039,,
2022-12-30 16:52:53.644000,128.67,128.68,30208686,,42773
2022-12-30 16:52:54.162000,,,30210318,,
2022-12-30 16:52:54.665000,128.66,128.67,30212083,,42774
2022-12-30 16:52:55.195000,128.65,128.66,30217124,,
2022-12-30 16:52:55.722000,,,30217897,,42775
2022-12-30 16:52:56.268000,,,30219168,,42776
2022-12-30 16:52:56.778000,,,30219669,,
2022-12-30 16:52:57.283000,,,30219971,,42777
2022-12-30 16:52:57.829000,,,30220671,,
2022-12-30 16:52:58.333000,,,30221306,,42778
2022-12-30 16:52:59.390000,,,30221442,,
2022-12-30 16:52:59.894000,,,30221449,,
2022-12-30 16:53:00.411000,128.64,128.65,30224993,,42780
2022-12-30 16:53:00.921000,128.65,128.66,30226367,,
2022-12-30 16:53:01.469000,128.67,128.68,30227692,,42781
2022-12-30 16:53:01.973000,,,30228728,,
2022-12-30 16:53:02.477000,,,30230004,,42782
2022-12-30 16:53:02.982000,,,30230006,,
2022-12-30 16:53:03.493000,128.66,128.67,30237861,,42783
2022-12-30 16:53:04.012000,128.68,128.69,30238735,,
2022-12-30 16:53:04.532000,,,30240048,,42784
2022-12-30 16:53:05.049000,128.67,,30240835,,
2022-12-30 16:53:05.583000,,,30240838,,42785
2022-12-30 16:53:06.111000,128.68,,30240840,,
2022-12-30 16:53:06.626000,128.69,128.7,30242538,,42786
2022-12-30 16:53:07.143000,,,30242580,,
2022-12-30 16:53:07.664000,,,30243298,,42787
2022-12-30 16:53:08.210000,,,30244099,,
2022-12-30 16:53:08.749000,,,30244227,,
2022-12-30 16:53:09.258000,,,30245134,,42788
2022-12-30 16:53:09.788000,,,30246365,,42789
2022-12-30 16:53:10.333000,,,30249096,,42790
2022-12-30 16:53:10.875000,,,30249118,,
2022-12-30 16:53:11.380000,,,30249220,,42791
2022-12-30 16:53:11.887000,,,30249242,,
2022-12-30 16:53:12.396000,,,30249243,,
2022-12-30 16:53:12.927000,,,30249261,,
2022-12-30 16:53:13.476000,,,30249302,,42793
2022-12-30 16:53:13.989000,,,30249324,,
2022-12-30 16:53:14.511000,,,30249325,,42794
2022-12-30 16:53:15.026000,128.72,128.73,30250924,,
2022-12-30 16:53:15.574000,128.71,128.72,30251262,,42795
2022-12-30 16:53:16.091000,128.72,128.73,30251269,,
2022-12-30 16:53:16.623000,,,30253349,,42796
2022-12-30 16:53:17.147000,128.74,128.75,30255352,,42797
2022-12-30 16:53:17.657000,,,30255356,,
2022-12-30 16:53:18.166000,,,30255489,,
2022-12-30 16:53:18.679000,128.75,128.76,30260144,,42798
2022-12-30 16:53:19.227000,,,30262096,,
2022-12-30 16:53:19.760000,128.76,128.77,30263854,,42799
2022-12-30 16:53:20.269000,,,30264656,,42800
2022-12-30 16:53:20.801000,128.75,128.76,30266219,,
2022-12-30 16:53:21.348000,,,30266221,,42801
2022-12-30 16:53:21.855000,,,30267021,,
2022-12-30 16:53:22.368000,,,30268446,,42802
2022-12-30 16:53:22.872000,,,30269959,,
2022-12-30 16:53:23.379000,,,30271113,,42803
2022-12-30 16:53:23.947000,,,30271337,,
2022-12-30 16:53:24.493000,,,30272039,,42804
2022-12-30 16:53:25.014000,,,30272070,,
2022-12-30 16:53:25.548000,,,30275122,,42805
2022-12-30 16:53:26.073000,,,30276167,,
2022-12-30 16:53:26.586000,,,30276188,,42806
2022-12-30 16:53:27.113000,,,30276220,,42807
2022-12-30 16:53:27.639000,,,30277004,,
2022-12-30 16:53:28.151000,,,30277010,,
2022-12-30 16:53:28.654000,,,30277211,,42808
2022-12-30 16:53:29.169000,,,30277512,,
2022-12-30 16:53:29.688000,128.73,128.74,30280389,,42809
2022-12-30 16:53:30.226000,,,30280494,,
2022-12-30 16:53:30.755000,128.72,128.73,30281641,,42810
2022-12-30 16:53:31.264000,,,30282105,,
2022-12-30 16:53:31.785000,,,30282182,,42811
2022-12-30 16:53:32.311000,128.71,128.72,30283408,,
2022-12-30 16:53:32.856000,,,30283697,,42812
2022-12-30 16:53:33.368000,,,30285212,,42813
2022-12-30 16:53:33.915000,,,30285314,,
2022-12-30 16:53:34.429000,,,30285490,,42814
2022-12-30 16:53:34.945000,,,30286688,,
2022-12-30 16:53:35.493000,,,30286843,,
2022-12-30 16:53:36.043000,128.72,128.73,30287727,,42815
2022-12-30 16:53:36.585000,,,30288233,,42816
2022-12-30 16:53:37.133000,,,30288249,,
2022-12-30 16:53:37.666000,128.71,128.72,30293940,,42817
2022-12-30 16:53:38.205000,,,30293942,,
2022-12-30 16:53:38.752000,,,30293963,,42818
2022-12-30 16:53:39.256000,,,30294174,,42819
2022-12-30 16:53:39.767000,,,30294175,,
2022-12-30 16:53:40.306000,,,30294319,,42820
2022-12-30 16:53:40.809000,,,30294320,,
2022-12-30 16:53:41.320000,,,30296751,,42821
2022-12-30 16:53:41.846000,128.72,128.73,30297311,,
2022-12-30 16:53:42.381000,,,30301312,,42822
2022-12-30 16:53:42.895000,128.71,,30301324,,
2022-12-30 16:53:43.415000,128.72,,30301334,,42823
2022-12-30 16:53:43.931000,128.71,,30301341,,
2022-12-30 16:53:44.443000,,128.72,30301347,,42824
2022-12-30 16:53:44.991000,,,30301354,,
2022-12-30 16:53:45.538000,,,30301396,,42825
2022-12-30 16:53:46.062000,128.72,128.73,30302719,,
2022-12-30 16:53:46.579000,,,30302738,,42826
2022-12-30 16:53:47.082000,,,30303454,,
2022-12-30 16:53:47.583000,,,30303455,,42827
2022-12-30 16:53:48.091000,,,30303506,,
2022-12-30 16:53:48.617000,128.71,128.72,30306261,,42828
2022-12-30 16:53:49.140000,,,30308923,,42829
2022-12-30 16:53:49.682000,,128.73,30310166,,
2022-12-30 16:53:50.222000,,128.72,30311140,,42830
2022-12-30 16:53:50.786000,,,30311203,,
2022-12-30 16:53:51.314000,,,30311529,,42831
2022-12-30 16:53:51.826000,128.72,128.73,30313688,,
2022-12-30 16:53:52.377000,128.71,128.72,30313733,,42832
2022-12-30 16:53:52.895000,,,30314135,,
2022-12-30 16:53:53.408000,,,30314423,,42833
2022-12-30 16:53:53.930000,,,30314488,,
2022-12-30 16:53:54.474000,128.74,128.75,30315291,,42834
2022-12-30 16:53:54.984000,,,30315947,,
2022-12-30 16:53:55.494000,,,30316279,,42835
2022-12-30 16:53:56.032000,128.68,128.7,30330751,,
2022-12-30 16:53:56.555000,,128.69,30333475,,42836
2022-12-30 16:53:57.057000,,,30333755,,
2022-12-30 16:53:57.575000,,,30334690,,42837
2022-12-30 16:53:58.122000,,,30335348,,42838
2022-12-30 16:53:58.627000,,,30335629,,
2022-12-30 16:53:59.145000,,,30335634,,42839
2022-12-30 16:53:59.646000,128.69,128.7,30335904,,
2022-12-30 16:54:00.152000,128.7,128.72,30337296,,42840
2022-12-30 16:54:00.689000,,,30337380,,
2022-12-30 16:54:01.204000,128.71,,30339380,,42841
2022-12-30 16:54:01.727000,,,30339687,,
2022-12-30 16:54:02.259000,,,30339840,,42842
2022-12-30 16:54:02.770000,,,30339902,,
2022-12-30 16:54:03.279000,,,30340405,,42843
2022-12-30 16:54:04.311000,128.69,128.7,30342644,,42844
2022-12-30 16:54:04.859000,,,30342649,,
2022-12-30 16:54:05.377000,,,30345088,,42845
2022-12-30 16:54:05.880000,,,30346355,,
2022-12-30 16:54:06.412000,,,30346521,,42846
2022-12-30 16:54:06.929000,,,30346758,,
2022-12-30 16:54:07.431000,,,30346913,,42847
2022-12-30 16:54:07.949000,,,30346988,,
2022-12-30 16:54:08.471000,,,30347231,,42848
2022-12-30 16:54:08.990000,128.68,128.69,30348212,,
2022-12-30 16:54:09.506000,,,30348237,,42849
2022-12-30 16:54:10.011000,,,30348811,,
2022-12-30 16:54:10.534000,,,30349207,,42850
2022-12-30 16:54:11.066000,,,30349217,,
2022-12-30 16:54:11.573000,,,30349415,,42851
2022-12-30 16:54:12.088000,,,30350606,,
2022-12-30 16:54:12.603000,128.69,128.71,30350817,,42852
2022-12-30 16:54:13.134000,,,30351022,,42853
2022-12-30 16:54:13.642000,128.71,128.72,30352679,,
2022-12-30 16:54:14.184000,,,30353227,,
2022-12-30 16:54:14.717000,128.72,128.73,30353278,,42854
2022-12-30 16:54:15.259000,,128.74,30356278,,42855
2022-12-30 16:54:15.811000,,128.73,,,
2022-12-30 16:54:16.316000,,128.74,30358802,,
2022-12-30 16:54:16.853000,,,30359042,,42856
2022-12-30 16:54:17.394000,,128.73,30359044,,42857
2022-12-30 16:54:17.920000,,,30360697,,
2022-12-30 16:54:18.433000,,,30360701,,42858
2022-12-30 16:54:18.955000,,,30360849,,
2022-12-30 16:54:19.481000,,,30361218,,42859
2022-12-30 16:54:19.994000,,,30361325,,
2022-12-30 16:54:20.513000,,,30361333,,42860
2022-12-30 16:54:21.030000,,,30361350,,
2022-12-30 16:54:21.568000,,,30362065,,
2022-12-30 16:54:22.605000,,,30362818,,42862
2022-12-30 16:54:23.107000,,,30362976,,
2022-12-30 16:54:23.617000,,,30363056,,42863
2022-12-30 16:54:24.120000,,,30363151,,
2022-12-30 16:54:24.654000,,,30363170,,42864
2022-12-30 16:54:25.158000,,,30363248,,42865
2022-12-30 16:54:25.691000,,,30363398,,
2022-12-30 16:54:26.199000,,,30368054,,42866
2022-12-30 16:54:26.742000,,,30368156,,
2022-12-30 16:54:27.286000,,,30368158,,42867
2022-12-30 16:54:27.800000,,,30368171,,
2022-12-30 16:54:28.305000,128.73,128.75,30369054,,42868
2022-12-30 16:54:28.806000,,128.74,30369080,,
2022-12-30 16:54:29.314000,,128.75,30369131,,
2022-12-30 16:54:29.821000,,128.74,30370409,,42869
2022-12-30 16:54:30.351000,,,30370855,,
2022-12-30 16:54:30.863000,128.74,128.75,30370959,,42870
2022-12-30 16:54:31.389000,,,30370961,,42871
2022-12-30 16:54:31.929000,,,30370965,,
2022-12-30 16:54:32.455000,,,30371140,,42872
2022-12-30 16:54:32.981000,,,30371144,,
2022-12-30 16:54:33.520000,128.75,128.76,30371414,,42873
2022-12-30 16:54:34.033000,,,30371717,,
2022-12-30 16:54:34.556000,,,30371732,,42874
2022-12-30 16:54:35.096000,,,30372483,,
2022-12-30 16:54:35.622000,,,30372484,,42875
2022-12-30 16:54:36.147000,,,30373160,,
2022-12-30 16:54:36.658000,128.74,128.75,30375781,,42876
2022-12-30 16:54:37.185000,128.75,128.76,30375919,,
2022-12-30 16:54:37.725000,128.71,128.72,30381819,,42877
2022-12-30 16:54:38.234000,,,30381839,,
2022-12-30 16:54:38.758000,,,30382511,,42878
2022-12-30 16:54:39.298000,,,30382752,,42879
2022-12-30 16:54:39.802000,,,30382786,,
2022-12-30 16:54:40.339000,,,30382805,,42880
2022-12-30 16:54:40.861000,,,30383005,,
2022-12-30 16:54:41.384000,,,30383664,,42881
2022-12-30 16:54:41.889000,,,30383688,,
2022-12-30 16:54:42.390000,,,30383690,,42882
2022-12-30 16:54:42.911000,,,30385057,,
2022-12-30 16:54:43.437000,128.68,128.69,30394278,,42883
2022-12-30 16:54:43.958000,,,30394352,,
2022-12-30 16:54:44.484000,,,30394362,,
2022-12-30 16:54:45.008000,128.66,128.67,30397859,,42884
2022-12-30 16:54:45.548000,128.67,128.68,30398999,,42885
2022-12-30 16:54:46.114000,,,30399030,,
2022-12-30 16:54:46.647000,128.68,128.69,30399284,,42886
2022-12-30 16:54:47.174000,,,30399488,,
2022-12-30 16:54:47.679000,128.67,128.68,,,42887
2022-12-30 16:54:48.729000,,,30399492,,42888
2022-12-30 16:54:49.254000,128.68,128.69,30399597,,42889
2022-12-30 16:54:49.766000,,,30400407,,
2022-12-30 16:54:50.315000,,,30400409,,42890
2022-12-30 16:54:50.829000,,,30400412,,
2022-12-30 16:54:51.376000,,,30400616,,42891
2022-12-30 16:54:51.896000,,,30400877,,
2022-12-30 16:54:52.441000,,,30402019,,42892
2022-12-30 16:54:52.965000,128.69,128.7,30403031,,
2022-12-30 16:54:53.481000,,,30407930,,42893
2022-12-30 16:54:53.996000,,,30407933,,
2022-12-30 16:54:54.520000,,,30407940,,42894
2022-12-30 16:54:55.042000,128.7,128.71,30407978,,
2022-12-30 16:54:55.574000,,,30408031,,42895
2022-12-30 16:54:56.105000,,,30408275,,
2022-12-30 16:54:56.611000,,,30408278,,42896
2022-12-30 16:54:57.140000,,,30408628,,
2022-12-30 16:54:57.662000,,,30408629,,42897
2022-12-30 16:54:58.173000,128.69,128.7,30409830,,
2022-12-30 16:54:58.678000,,,30409839,,42898
2022-12-30 16:54:59.199000,,,30409969,,
2022-12-30 16:54:59.717000,,,30409987,,42899
2022-12-30 16:55:00.239000,128.7,128.72,30410524,,42900
2022-12-30 16:55:00.758000,,128.71,30410750,,
2022-12-30 16:55:01.291000,128.73,128.74,30411268,,42901
2022-12-30 16:55:01.798000,,,30411356,,
2022-12-30 16:55:02.318000,,,30412207,,42902
2022-12-30 16:55:02.837000,128.71,128.72,30413415,,
2022-12-30 16:55:03.350000,128.7,128.71,30414487,,42903
2022-12-30 16:55:03.887000,,,30415121,,
2022-12-30 16:55:04.389000,128.69,128.7,30415380,,42904
2022-12-30 16:55:04.907000,,128.71,30415600,,
2022-12-30 16:55:05.445000,128.71,128.73,30415807,,42905
2022-12-30 16:55:05.948000,128.72,,30415847,,
2022-12-30 16:55:06.475000,,,30415848,,42906
2022-12-30 16:55:06.984000,,,30415911,,
2022-12-30 16:55:07.517000,128.71,,30415949,,
2022-12-30 16:55:08.040000,128.72,,30416878,,42907
2022-12-30 16:55:08.542000,128.73,128.74,30417477,,42908
2022-12-30 16:55:09.051000,128.74,128.75,30418932,,
2022-12-30 16:55:09.562000,,,30419617,,42909
2022-12-30 16:55:10.087000,,,30420117,,
2022-12-30 16:55:10.606000,,,30420293,,42910
2022-12-30 16:55:11.116000,,128.76,30421699,,
2022-12-30 16:55:11.630000,,128.75,30421749,,42911
2022-12-30 16:55:12.170000,,,30422788,,
2022-12-30 16:55:12.700000,,,30422813,,42912
2022-12-30 16:55:13.213000,,,30422936,,
2022-12-30 16:55:13.730000,,,30423466,,42913
2022-12-30 16:55:14.253000,128.76,128.77,30424190,,42914
2022-12-30 16:55:14.771000,,,30427247,,
2022-12-30 16:55:15.277000,128.75,128.76,30427617,,
2022-12-30 16:55:15.786000,128.76,128.77,30429215,,42915
2022-12-30 16:55:16.297000,128.75,128.76,30431125,,42916
2022-12-30 16:55:16.822000,128.76,128.77,30432029,,
2022-12-30 16:55:17.341000,128.75,,,,
2022-12-30 16:55:17.859000,128.76,,30432960,,42917
2022-12-30 16:55:18.368000,,,30434147,,42918
2022-12-30 16:55:18.872000,,,30434938,,
2022-12-30 16:55:19.397000,,,30435274,,
2022-12-30 16:55:19.920000,128.77,128.78,30439515,,42919
2022-12-30 16:55:20.464000,,,30440703,,42920
2022-12-30 16:55:20.972000,,,30440704,,
2022-12-30 16:55:21.502000,128.78,128.79,30443158,,42921
2022-12-30 16:55:22.004000,128.77,128.78,30443937,,
2022-12-30 16:55:22.532000,,,30445415,,42922
2022-12-30 16:55:23.057000,128.78,128.79,30451796,,
2022-12-30 16:55:23.585000,,,30451799,,
2022-12-30 16:55:24.105000,,,,,42923
2022-12-30 16:55:24.621000,128.77,128.78,30452852,,42924
2022-12-30 16:55:25.131000,,,30452967,,
2022-12-30 16:55:25.661000,,,30454027,,42925
2022-12-30 16:55:26.186000,,,30454331,,
2022-12-30 16:55:26.700000,128.75,128.76,30459760,,42926
2022-12-30 16:55:27.201000,128.74,128.75,30461511,,
2022-12-30 16:55:27.707000,128.75,128.76,30462524,,42927
2022-12-30 16:55:28.211000,,,30462624,,
2022-12-30 16:55:28.720000,,,30462975,,42928
2022-12-30 16:55:29.226000,,,30463165,,
2022-12-30 16:55:29.733000,,,30463170,,42929
2022-12-30 16:55:30.235000,,,30463177,,
2022-12-30 16:55:30.745000,128.74,128.75,30464208,,42930
2022-12-30 16:55:31.294000,,,30464263,,
2022-12-30 16:55:31.818000,,,30464277,,42931
2022-12-30 16:55:32.360000,128.72,128.73,30469376,,42932
2022-12-30 16:55:32.873000,128.73,128.74,30470963,,
2022-12-30 16:55:33.419000,,,30470977,,42933
2022-12-30 16:55:33.961000,,,30470978,,
2022-12-30 16:55:34.468000,,,30470979,,
2022-12-30 16:55:35.000000,,,30471631,,42934
2022-12-30 16:55:35.516000,,,30471666,,42935
2022-12-30 16:55:36.041000,128.72,128.73,30473686,,
2022-12-30 16:55:36.551000,128.71,,30476565,,42936
2022-12-30 16:55:37.105000,,128.72,30476576,,
2022-12-30 16:55:37.616000,,,30476875,,42937
2022-12-30 16:55:38.145000,,,30476880,,
2022-12-30 16:55:38.672000,,,30476881,,42938
2022-12-30 16:55:39.203000,,,30477243,,
2022-12-30 16:55:39.744000,128.7,128.71,30482942,,42939
2022-12-30 16:55:40.269000,,,30483633,,
2022-12-30 16:55:40.791000,,,30483646,,42940
2022-12-30 16:55:41.308000,128.69,128.7,30486344,,42941
2022-12-30 16:55:41.819000,,,30487198,,
2022-12-30 16:55:42.367000,,,30488259,,42942
2022-12-30 16:55:42.895000,128.68,128.69,30489695,,
2022-12-30 16:55:43.434000,,,30489806,,42943
2022-12-30 16:55:43.954000,,,30490206,,
2022-12-30 16:55:44.471000,128.69,128.7,30491072,,42944
2022-12-30 16:55:45.007000,,,30491945,,
2022-12-30 16:55:45.529000,128.68,,30493343,,42945
2022-12-30 16:55:46.045000,,128.69,30493382,,
2022-12-30 16:55:46.592000,,,30493509,,42946
2022-12-30 16:55:47.102000,,,30493525,,42947
2022-12-30 16:55:47.608000,128.69,128.7,30494455,,
2022-12-30 16:55:48.134000,,,30495876,,42948
2022-12-30 16:55:48.638000,,,30496130,,
2022-12-30 16:55:49.654000,,,30496181,,42949
2022-12-30 16:55:50.168000,,,30496581,,
2022-12-30 16:55:50.713000,128.7,128.71,30497285,,42950
2022-12-30 16:55:51.251000,,,30498249,,
2022-12-30 16:55:51.777000,128.69,128.7,30498651,,42951
2022-12-30 16:55:52.315000,,,30498775,,
2022-12-30 16:55:52.840000,,,30501852,,42952
2022-12-30 16:55:53.367000,,,30501855,,42953
2022-12-30 16:55:53.876000,,,30502157,,
2022-12-30 16:55:54.388000,,,30502472,,42954
2022-12-30 16:55:54.908000,,,30502983,,
2022-12-30 16:55:55.416000,,,30503207,,42955
2022-12-30 16:55:55.961000,,,30503212,,
2022-12-30 16:55:56.471000,128.68,128.69,30506786,,42956
2022-12-30 16:55:57.019000,,,30507012,,
2022-12-30 16:55:57.521000,,,30507068,,42957
2022-12-30 16:55:58.063000,,,30507321,,
2022-12-30 16:55:58.582000,128.67,128.68,30509492,,42958
2022-12-30 16:55:59.091000,,128.69,30509701,,
2022-12-30 16:55:59.620000,,,30510323,,42959
2022-12-30 16:56:00.143000,,128.68,30512283,,42960
2022-12-30 16:56:00.649000,,,30512460,,
2022-12-30 16:56:01.154000,,,30512594,,
2022-12-30 16:56:01.657000,,,30513148,,42961
2022-12-30 16:56:02.162000,,,30513150,,
2022-12-30 16:56:02.688000,,,30514020,,42962
2022-12-30 16:56:03.221000,128.68,128.69,30516041,,42963
2022-12-30 16:56:03.729000,,,30516044,,
2022-12-30 16:56:04.256000,,,30517795,,42964
2022-12-30 16:56:04.759000,,,30517820,,
2022-12-30 16:56:05.306000,,,30517841,,42965
2022-12-30 16:56:05.841000,,,30518466,,
2022-12-30 16:56:06.347000,,,30519277,,42966
2022-12-30 16:56:06.892000,128.69,128.7,30522931,,
2022-12-30 16:56:07.414000,128.67,128.68,30524284,,42967
2022-12-30 16:56:07.929000,,,30525082,,
2022-12-30 16:56:08.456000,,,30525482,,42968
2022-12-30 16:56:08.986000,,,30525695,,
2022-12-30 16:56:09.517000,,,30526728,,42969
2022-12-30 16:56:10.049000,,,30526778,,
2022-12-30 16:56:10.561000,128.65,128.66,30530794,,42970
2022-12-30 16:56:11.106000,,,30531898,,
2022-12-30 16:56:11.628000,128.66,128.67,30541050,,42971
2022-12-30 16:56:12.132000,,,30541420,,42972
2022-12-30 16:56:12.663000,128.68,128.69,30541823,,
2022-12-30 16:56:13.212000,,,30541849,,42973
2022-12-30 16:56:13.743000,,,30542603,,
2022-12-30 16:56:14.289000,128.67,128.68,30543159,,42974
2022-12-30 16:56:14.828000,128.68,128.69,30543391,,
2022-12-30 16:56:15.351000,,,30543392,,42975
2022-12-30 16:56:15.885000,,,30543413,,
2022-12-30 16:56:16.403000,,,30543641,,42976
2022-12-30 16:56:16.920000,128.67,128.68,30550633,,
2022-12-30 16:56:17.425000,,,30550635,,42977
2022-12-30 16:56:17.950000,,,30550680,,
2022-12-30 16:56:18.452000,128.66,128.67,30551200,,42978
2022-12-30 16:56:18.977000,128.67,128.68,30551404,,
2022-12-30 16:56:19.488000,,128.69,30552081,,42979
2022-12-30 16:56:20.011000,,128.68,30552116,,
2022-12-30 16:56:20.547000,,,30552133,,42980
2022-12-30 16:56:21.076000,,,30553136,,
2022-12-30 16:56:21.616000,,,30553654,,42981
2022-12-30 16:56:22.148000,,,30553670,,
2022-12-30 16:56:22.682000,128.71,128.72,30557337,,42982
2022-12-30 16:56:23.190000,,,30557991,,
2022-12-30 16:56:23.724000,128.72,128.73,30559473,,42983
2022-12-30 16:56:24.235000,,,30560246,,42984
2022-12-30 16:56:24.763000,,,30560299,,
2022-12-30 16:56:25.289000,,,30560335,,42985
2022-12-30 16:56:25.792000,,,30561737,,
2022-12-30 16:56:26.301000,,,30563087,,42986
2022-12-30 16:56:26.838000,,,30563148,,
2022-12-30 16:56:27.366000,128.73,128.74,30563532,,42987
2022-12-30 16:56:27.874000,128.72,128.73,30564765,,
2022-12-30 16:56:28.376000,,,30565868,,42988
2022-12-30 16:56:28.884000,128.74,128.75,30566898,,
2022-12-30 16:56:29.400000,128.75,128.76,30574250,,42989
2022-12-30 16:56:29.924000,128.77,128.78,30575378,,
2022-12-30 16:56:30.433000,,,30579440,,42990
2022-12-30 16:56:30.976000,,,30581443,,
2022-12-30 16:56:31.489000,,,30583094,,42991
2022-12-30 16:56:31.995000,,,30583237,,
2022-12-30 16:56:32.501000,128.78,128.79,30586380,,42992
2022-12-30 16:56:33.033000,,,30586838,,
2022-12-30 16:56:33.559000,128.77,128.78,30587109,,42993
2022-12-30 16:56:34.097000,128.78,128.79,30587831,,
2022-12-30 16:56:34.605000,,,30588532,,42994
2022-12-30 16:56:35.119000,,,30588575,,
2022-12-30 16:56:35.637000,128.79,128.8,30590173,,42995
2022-12-30 16:56:36.178000,,,30590416,,
2022-12-30 16:56:36.685000,,,30590740,,42996
2022-12-30 16:56:37.187000,128.8,128.81,30597140,,42997
2022-12-30 16:56:37.697000,,,30597241,,
2022-12-30 16:56:38.208000,,,30598672,,42998
2022-12-30 16:56:38.730000,,,30599576,,
2022-12-30 16:56:39.254000,,,30600710,,
2022-12-30 16:56:39.773000,,,30600951,,42999
2022-12-30 16:56:40.314000,,,30601076,,43000
2022-12-30 16:56:40.821000,,,30601917,,
2022-12-30 16:56:41.353000,,,30603313,,
2022-12-30 16:56:41.860000,,,30603384,,43001
2022-12-30 16:56:42.387000,,,30603494,,43002
2022-12-30 16:56:42.915000,,,30603826,,
2022-12-30 16:56:43.464000,128.82,128.83,30610264,,43003
2022-12-30 16:56:43.981000,128.83,128.84,30610435,,
2022-12-30 16:56:44.520000,128.84,128.85,30612444,,43004
2022-12-30 16:56:45.067000,128.87,128.88,30621804,,
2022-12-30 16:56:45.569000,,,30622219,,43005
2022-12-30 16:56:46.111000,,,30622475,,
2022-12-30 16:56:46.632000,128.88,128.89,30624817,,43006
2022-12-30 16:56:47.154000,,,30625143,,
2022-12-30 16:56:47.690000,,,30626744,,43007
2022-12-30 16:56:48.199000,128.9,128.91,30632560,,
2022-12-30 16:56:48.713000,128.92,128.93,30634125,,43008
2022-12-30 16:56:49.217000,,,30636568,,43009
2022-12-30 16:56:49.742000,128.91,128.92,30637174,,
2022-12-30 16:56:50.252000,,,30639182,,43010
2022-12-30 16:56:50.764000,,,30640082,,
2022-12-30 16:56:51.290000,,,30641626,,43011
2022-12-30 16:56:51.818000,128.9,128.91,30644646,,
2022-12-30 16:56:52.329000,,,30644682,,43012
2022-12-30 16:56:52.841000,,,30645787,,
2022-12-30 16:56:53.411000,,,30646687,,
2022-12-30 16:56:53.933000,128.91,128.92,30647074,,43013
2022-12-30 16:56:54.468000,,,30648367,,43014
2022-12-30 16:56:54.972000,,,30649246,,
2022-12-30 16:56:55.508000,128.92,128.93,30650404,,43015
2022-12-30 16:56:56.029000,,128.94,30656517,,
2022-12-30 16:56:56.548000,128.93,,30656578,,43016
2022-12-30 16:56:57.068000,,,30657558,,
2022-12-30 16:56:57.587000,,,30657585,,43017
2022-12-30 16:56:58.099000,128.92,128.93,30659933,,
2022-12-30 16:56:58.628000,128.93,128.94,30666744,,43018
2022-12-30 16:56:59.174000,,,30667299,,
2022-12-30 16:56:59.716000,,,30667801,,43019
2022-12-30 16:57:00.252000,,,30667954,,43020
2022-12-30 16:57:00.781000,,,30674576,,
2022-12-30 16:57:01.290000,128.94,128.95,30677356,,43021
2022-12-30 16:57:01.852000,128.95,128.96,30678472,,
2022-12-30 16:57:02.398000,128.96,128.97,30685726,,43022
2022-12-30 16:57:02.936000,128.95,128.96,30689311,,
2022-12-30 16:57:03.445000,128.94,,30689335,,
2022-12-30 16:57:03.971000,128.95,,30689623,,43023
2022-12-30 16:57:04.475000,,,30689806,,43024
2022-12-30 16:57:05.017000,128.94,128.95,30690278,,
2022-12-30 16:57:05.543000,128.91,128.92,30691894,,43025
2022-12-30 16:57:06.071000,,,30691904,,
2022-12-30 16:57:06.575000,128.92,128.93,30692451,,43026
2022-12-30 16:57:07.102000,,,30692470,,
2022-12-30 16:57:07.622000,128.93,128.94,30692871,,43027
2022-12-30 16:57:08.144000,,,30693241,,
2022-12-30 16:57:08.657000,,,30693742,,
2022-12-30 16:57:09.160000,,,30693902,,43028
2022-12-30 16:57:09.689000,,,30696053,,43029
2022-12-30 16:57:10.233000,,,30696754,,
2022-12-30 16:57:10.766000,,,30698376,,43030
2022-12-30 16:57:11.288000,,,30700948,,43031
2022-12-30 16:57:11.797000,128.94,128.95,30701108,,
2022-12-30 16:57:12.302000,128.95,128.96,30702473,,43032
2022-12-30 16:57:12.812000,128.96,128.97,30703945,,
2022-12-30 16:57:13.315000,,,30705801,,43033
2022-12-30 16:57:13.832000,128.98,128.99,30707818,,
2022-12-30 16:57:14.376000,,,30708302,,43034
2022-12-30 16:57:14.888000,,,30710304,,
2022-12-30 16:57:15.392000,128.99,129,30711729,,43035
2022-12-30 16:57:15.931000,,,30714294,,
2022-12-30 16:57:16.433000,,,30738920,,43036
2022-12-30 16:57:16.955000,,,30739864,,
2022-12-30 16:57:17.481000,128.98,128.99,30742158,,43037
2022-12-30 16:57:17.984000,,,30742859,,
2022-12-30 16:57:18.510000,128.96,128.97,30747571,,43038
2022-12-30 16:57:19.051000,,,30749055,,
2022-12-30 16:57:19.609000,,,30751272,,43039
2022-12-30 16:57:20.156000,,,30755419,,
2022-12-30 16:57:20.686000,128.95,128.96,30759525,,43040
2022-12-30 16:57:21.222000,128.94,128.95,30760511,,43041
2022-12-30 16:57:21.740000,,,30763791,,
2022-12-30 16:57:22.274000,128.92,128.93,30768427,,
2022-12-30 16:57:22.798000,,,30769184,,43042
2022-12-30 16:57:23.334000,,,30769419,,43043
2022-12-30 16:57:23.840000,,,30769420,,
2022-12-30 16:57:24.369000,128.9,128.91,30770397,,43044
2022-12-30 16:57:24.892000,128.89,128.9,30770933,,
2022-12-30 16:57:25.470000,,,30771294,,43045
2022-12-30 16:57:25.982000,128.88,128.89,30773870,,
2022-12-30 16:57:26.483000,128.87,,30775786,,43046
2022-12-30 16:57:27.023000,128.89,128.9,30776472,,
2022-12-30 16:57:27.537000,,,30777793,,
2022-12-30 16:57:28.051000,,,30779658,,43048
2022-12-30 16:57:29.081000,,,30779833,,43049
2022-12-30 16:57:29.607000,,,30780008,,
2022-12-30 16:57:30.112000,128.88,128.89,30782117,,
2022-12-30 16:57:30.626000,,,30783599,,43050
2022-12-30 16:57:31.672000,128.87,128.88,30787964,,43051
2022-12-30 16:57:32.213000,,,30788079,,
2022-12-30 16:57:32.745000,,,30788632,,
2022-12-30 16:57:33.264000,,,30788682,,43052
2022-12-30 16:57:33.786000,,,30788929,,43053
2022-12-30 16:57:34.306000,,,30789138,,
2022-12-30 16:57:34.814000,128.86,128.87,30795747,,43054
2022-12-30 16:57:35.357000,128.85,128.86,30799986,,43055
2022-12-30 16:57:35.864000,128.87,128.88,30804334,,
2022-12-30 16:57:36.376000,128.86,,30804336,,43056
2022-12-30 16:57:36.898000,128.87,,30806518,,
2022-12-30 16:57:37.436000,,,30806521,,43057
2022-12-30 16:57:37.939000,128.88,128.89,30807953,,
2022-12-30 16:57:38.446000,,,30808565,,43058
2022-12-30 16:57:38.974000,,,30810029,,
2022-12-30 16:57:39.488000,128.87,,30810341,,43059
2022-12-30 16:57:39.991000,,,30810365,,
2022-12-30 16:57:40.504000,128.88,,30810473,,43060
2022-12-30 16:57:41.016000,,,30810509,,
2022-12-30 16:57:41.535000,,,30810831,,43061
2022-12-30 16:57:42.068000,,,30810833,,
2022-12-30 16:57:42.591000,,,30812855,,43062
2022-12-30 16:57:43.117000,128.89,128.9,30813408,,43063
2022-12-30 16:57:43.629000,,,30813422,,
2022-12-30 16:57:44.141000,,,30813734,,43064
2022-12-30 16:57:44.658000,,128.91,30814211,,
2022-12-30 16:57:45.179000,,128.9,30814381,,43065
2022-12-30 16:57:45.704000,,,30814631,,
2022-12-30 16:57:46.250000,,,30815225,,43066
2022-12-30 16:57:46.774000,128.9,128.91,30815871,,
2022-12-30 16:57:47.283000,128.89,,30815891,,43067
2022-12-30 16:57:47.801000,,128.9,30815893,,
2022-12-30 16:57:48.303000,128.88,,30817260,,
2022-12-30 16:57:48.820000,128.89,,30817568,,43068
2022-12-30 16:57:49.335000,128.88,128.89,30818776,,43069
2022-12-30 16:57:49.851000,,128.9,30821791,,
2022-12-30 16:57:50.394000,,128.89,30822287,,43070
2022-12-30 16:57:50.903000,,,30822292,,
2022-12-30 16:57:51.420000,,,30822983,,43071
2022-12-30 16:57:51.941000,,,30823583,,
2022-12-30 16:57:52.476000,128.87,128.88,30824037,,43072
2022-12-30 16:57:53.010000,,,30824634,,
2022-12-30 16:57:53.530000,,128.89,30824721,,43073
2022-12-30 16:57:54.054000,128.86,128.87,30825722,,
2022-12-30 16:57:54.559000,,,30825737,,43074
2022-12-30 16:57:55.072000,,128.88,30826833,,
2022-12-30 16:57:55.588000,,,30828286,,43075
2022-12-30 16:57:56.104000,128.87,,30828408,,
2022-12-30 16:57:56.633000,,,30829193,,43076
2022-12-30 16:57:57.162000,,,30829738,,43077
2022-12-30 16:57:57.673000,,,30831044,,
2022-12-30 16:57:58.180000,,,30831753,,43078
2022-12-30 16:57:58.700000,,,30831765,,
2022-12-30 16:57:59.216000,,,30832817,,
2022-12-30 16:57:59.726000,,,30833007,,43079
2022-12-30 16:58:00.244000,,,30833232,,43080
2022-12-30 16:58:00.773000,128.9,128.91,30836286,,
2022-12-30 16:58:01.278000,,,30837786,,
2022-12-30 16:58:01.795000,,,30845928,,43081
2022-12-30 16:58:02.314000,,,30848132,,43082
2022-12-30 16:58:02.857000,128.89,128.9,30848956,,
2022-12-30 16:58:03.365000,128.9,128.91,30849186,,43083
2022-12-30 16:58:03.880000,128.89,,30849189,,
2022-12-30 16:58:04.399000,128.91,128.93,30851300,,43084
2022-12-30 16:58:04.942000,,,30853352,,
2022-12-30 16:58:05.487000,128.93,128.94,30858407,,43085
2022-12-30 16:58:05.999000,128.92,128.93,30860251,,
2022-12-30 16:58:06.510000,,,30860302,,43086
2022-12-30 16:58:07.035000,,,30860482,,
2022-12-30 16:58:07.544000,,,30860923,,43087
2022-12-30 16:58:08.075000,128.91,128.92,30862664,,
2022-12-30 16:58:08.581000,,,30862964,,43088
2022-12-30 16:58:09.120000,,,30864067,,
2022-12-30 16:58:09.647000,128.9,128.91,30872948,,43089
2022-12-30 16:58:10.162000,,,30872965,,
2022-12-30 16:58:10.683000,,,30872968,,43090
2022-12-30 16:58:11.220000,,,30873046,,
2022-12-30 16:58:11.733000,,,30873050,,43091
2022-12-30 16:58:12.260000,,,30874168,,43092
2022-12-30 16:58:12.762000,,,30874390,,
2022-12-30 16:58:13.294000,128.91,128.92,30874840,,43093
2022-12-30 16:58:13.801000,,,30874841,,
2022-12-30 16:58:14.312000,,,30875498,,43094
2022-12-30 16:58:14.817000,,,30877999,,
2022-12-30 16:58:15.324000,,,30878006,,
2022-12-30 16:58:15.870000,,,30878207,,43095
2022-12-30 16:58:16.371000,,,30878236,,43096
2022-12-30 16:58:16.908000,,,30878237,,
2022-12-30 16:58:17.447000,,,30878896,,43097
2022-12-30 16:58:17.975000,,,30879053,,
2022-12-30 16:58:18.483000,,,30879119,,
2022-12-30 16:58:19.016000,,,30879121,,43098
2022-12-30 16:58:19.541000,,,30880110,,43099
2022-12-30 16:58:20.063000,128.88,128.9,30882974,,
2022-12-30 16:58:20.583000,,128.89,30883073,,43100
2022-12-30 16:58:21.125000,,,30883276,,
2022-12-30 16:58:21.629000,128.89,128.9,30883535,,43101
2022-12-30 16:58:22.148000,128.88,,30884509,,
2022-12-30 16:58:22.674000,,,30885030,,43102
2022-12-30 16:58:23.185000,,128.89,30892337,,43103
2022-12-30 16:58:23.689000,,,30892347,,
2022-12-30 16:58:24.209000,128.9,128.91,30900384,,43104
2022-12-30 16:58:24.743000,128.89,128.9,30902158,,
2022-12-30 16:58:25.284000,,,30903690,,
2022-12-30 16:58:25.799000,,,30903795,,43105
2022-12-30 16:58:26.320000,,,30903813,,
2022-12-30 16:58:26.841000,,,30903816,,43106
2022-12-30 16:58:27.373000,128.9,128.91,30904636,,
2022-12-30 16:58:27.913000,128.93,128.94,30906383,,43107
2022-12-30 16:58:28.431000,,,30906563,,43108
2022-12-30 16:58:28.947000,128.92,,30910981,,
2022-12-30 16:58:29.483000,,,30911385,,43109
2022-12-30 16:58:30.071000,128.93,,30912333,,
2022-12-30 16:58:30.572000,,,30912444,,43110
2022-12-30 16:58:31.108000,128.92,128.93,30914719,,
2022-12-30 16:58:31.647000,,,30916560,,43111
2022-12-30 16:58:32.196000,128.93,128.94,30916848,,
2022-12-30 16:58:32.702000,128.92,,30919378,,43112
2022-12-30 16:58:33.203000,,,30919379,,43113
2022-12-30 16:58:33.724000,,,30919380,,
2022-12-30 16:58:34.268000,,,30920245,,
2022-12-30 16:58:34.815000,,,30920274,,43114
2022-12-30 16:58:35.352000,,,30920328,,43115
2022-12-30 16:58:35.855000,,128.93,30920533,,
2022-12-30 16:58:36.392000,,,30920777,,43116
2022-12-30 16:58:36.912000,,,30921680,,
2022-12-30 16:58:37.458000,,,30922603,,43117
2022-12-30 16:58:37.969000,,,30922614,,
2022-12-30 16:58:38.486000,,,30922637,,43118
2022-12-30 16:58:39.010000,,,30923270,,
2022-12-30 16:58:39.554000,,,30923644,,43119
2022-12-30 16:58:40.093000,128.98,128.99,30978766,,
2022-12-30 16:58:40.637000,128.97,,30979209,,43120
2022-12-30 16:58:41.162000,,,30979356,,
2022-12-30 16:58:41.674000,128.99,129,30981061,,43121
2022-12-30 16:58:42.203000,,,30981496,,
2022-12-30 16:58:42.715000,,,30983998,,43122
2022-12-30 16:58:43.257000,129,129.02,30994854,,43123
2022-12-30 16:58:43.767000,129.01,,31000694,,
2022-12-30 16:58:44.274000,,,31001646,,43124
2022-12-30 16:58:44.785000,129,129.01,31003589,,
2022-12-30 16:58:45.316000,,,31005227,,
2022-12-30 16:58:45.876000,,,31006188,,43125
2022-12-30 16:58:46.400000,129.01,129.02,31009459,,43126
2022-12-30 16:58:46.913000,,,31010223,,
2022-12-30 16:58:47.454000,,,31011225,,43127
2022-12-30 16:58:47.985000,,,31011564,,
2022-12-30 16:58:48.518000,,,31012028,,43128
2022-12-30 16:58:49.039000,,,31013350,,
2022-12-30 16:58:49.545000,,,31013755,,43129
2022-12-30 16:58:50.055000,,,31014263,,
2022-12-30 16:58:50.600000,129,129.01,31017376,,43130
2022-12-30 16:58:51.116000,,,31017378,,
2022-12-30 16:58:51.641000,128.99,129,31020449,,43131
2022-12-30 16:58:52.158000,,,31020452,,
2022-12-30 16:58:52.676000,,,31020719,,43132
2022-12-30 16:58:53.222000,,,31025223,,
2022-12-30 16:58:53.732000,,,31025514,,43133
2022-12-30 16:58:54.785000,,,31025815,,43134
2022-12-30 16:58:55.295000,,,31025820,,43135
2022-12-30 16:58:55.822000,,,31029004,,
2022-12-30 16:58:56.353000,,,31029905,,43136
2022-12-30 16:58:56.856000,,,31030514,,
2022-12-30 16:58:57.376000,,,31031474,,43137
2022-12-30 16:58:57.877000,,,31031486,,
2022-12-30 16:58:58.382000,129,129.02,31034152,,43138
2022-12-30 16:58:58.929000,,,31035192,,
2022-12-30 16:58:59.447000,,,31035844,,43139
2022-12-30 16:58:59.954000,,129.01,31035949,,
2022-12-30 16:59:00.456000,129.01,129.02,31036975,,43140
2022-12-30 16:59:00.958000,,,31037720,,
2022-12-30 16:59:01.495000,129,,31038398,,43141
2022-12-30 16:59:02.022000,,129.01,31039260,,
2022-12-30 16:59:02.563000,,,31040754,,43142
2022-12-30 16:59:03.070000,128.99,129,31041839,,
2022-12-30 16:59:03.573000,129,129.01,31042864,,43143
2022-12-30 16:59:04.099000,129.01,129.02,31043882,,
2022-12-30 16:59:04.610000,,,31044652,,43144
2022-12-30 16:59:05.139000,,,31045953,,
2022-12-30 16:59:05.674000,129.02,129.03,31049661,,43145
2022-12-30 16:59:06.222000,,,31050285,,
2022-12-30 16:59:06.772000,129.01,129.02,31055935,,43146
2022-12-30 16:59:07.285000,,,31055960,,43147
2022-12-30 16:59:07.807000,129.02,129.03,31056208,,
2022-12-30 16:59:08.344000,,,31056501,,
2022-12-30 16:59:08.872000,,,31057773,,43148
2022-12-30 16:59:09.400000,,,31057974,,43149
2022-12-30 16:59:09.910000,,,31059380,,
2022-12-30 16:59:10.437000,129.01,129.02,31059757,,43150
2022-12-30 16:59:10.972000,,,31060529,,
2022-12-30 16:59:11.473000,,,31060591,,43151
2022-12-30 16:59:11.988000,,,31060878,,
2022-12-30 16:59:12.522000,,,31061886,,
2022-12-30 16:59:13.025000,,,31062009,,43152
2022-12-30 16:59:13.540000,,,31065682,,43153
2022-12-30 16:59:14.083000,,,31067429,,
2022-12-30 16:59:14.585000,129.02,129.03,31068072,,43154
2022-12-30 16:59:15.095000,,,31068837,,
2022-12-30 16:59:15.635000,,,31069939,,43155
2022-12-30 16:59:16.155000,,,31069964,,43156
2022-12-30 16:59:16.685000,,,31074057,,
2022-12-30 16:59:17.195000,,,31074835,,43157
2022-12-30 16:59:17.735000,,,31075937,,
2022-12-30 16:59:18.259000,,,31076079,,
2022-12-30 16:59:18.799000,,,31076942,,43158
2022-12-30 16:59:19.317000,,,31077258,,43159
2022-12-30 16:59:19.852000,,,31079651,,
2022-12-30 16:59:20.399000,,,31083877,,43160
2022-12-30 16:59:20.931000,,,31087883,,
2022-12-30 16:59:21.436000,,,31088292,,43161
2022-12-30 16:59:21.967000,,,31088368,,
2022-12-30 16:59:22.502000,,,31088650,,43162
2022-12-30 16:59:23.543000,,,31088698,,43163
2022-12-30 16:59:24.075000,129.04,129.05,31091249,,
2022-12-30 16:59:24.596000,,,31092208,,43164
2022-12-30 16:59:25.107000,,,31098561,,43165
2022-12-30 16:59:25.639000,,,31103758,,
2022-12-30 16:59:26.165000,,,31105377,,43166
2022-12-30 16:59:26.677000,,,31105843,,
2022-12-30 16:59:27.212000,,,31115243,,
2022-12-30 16:59:27.737000,,,31117454,,43167
2022-12-30 16:59:28.279000,129.03,129.04,31126953,,43168
2022-12-30 16:59:28.801000,,,31127720,,
2022-12-30 16:59:29.335000,,,31129821,,43169
2022-12-30 16:59:29.863000,,,31130133,,
2022-12-30 16:59:30.424000,129.04,129.05,31131016,,43170
2022-12-30 16:59:30.940000,,,31131043,,
2022-12-30 16:59:31.463000,,,31131245,,43171
2022-12-30 16:59:31.999000,,,31132198,,
2022-12-30 16:59:32.548000,,,31132308,,43172
2022-12-30 16:59:33.083000,,,31132315,,
2022-12-30 16:59:33.589000,,,31132356,,43173
2022-12-30 16:59:34.125000,,,31132707,,43174
2022-12-30 16:59:34.660000,,,31132782,,
2022-12-30 16:59:35.195000,,,31134110,,43175
2022-12-30 16:59:35.715000,,,31134323,,
2022-12-30 16:59:36.248000,129.03,129.04,31135760,,43176
2022-12-30 16:59:36.786000,129.02,129.03,31138416,,
2022-12-30 16:59:37.306000,129.01,129.02,31145826,,43177
2022-12-30 16:59:37.827000,128.99,129,31148397,,
2022-12-30 16:59:38.403000,,,31148695,,43178
2022-12-30 16:59:38.909000,,,31149047,,
2022-12-30 16:59:39.412000,,,31150334,,43179
2022-12-30 16:59:39.918000,,,31151190,,
2022-12-30 16:59:40.451000,129,129.01,31151854,,43180
2022-12-30 16:59:40.974000,,,31152564,,
2022-12-30 16:59:41.497000,,,31152579,,43181
2022-12-30 16:59:42.030000,129.01,129.02,31153318,,
2022-12-30 16:59:42.534000,129,129.01,31153910,,43182
2022-12-30 16:59:43.073000,,,31154323,,
2022-12-30 16:59:43.605000,,,31155495,,
2022-12-30 16:59:44.149000,,,31155498,,43184
2022-12-30 16:59:44.667000,,,31155499,,
2022-12-30 16:59:45.206000,,,31155513,,
2022-12-30 16:59:45.736000,,,31155603,,43185
2022-12-30 16:59:46.283000,,,31155617,,
2022-12-30 16:59:46.786000,,,31156327,,43186
2022-12-30 16:59:47.301000,,,31157252,,43187
2022-12-30 16:59:47.840000,128.99,129,31157822,,
2022-12-30 16:59:48.375000,,,31158026,,
2022-12-30 16:59:48.893000,129.01,129.02,31163565,,43188
2022-12-30 16:59:49.438000,,,31165365,,43189
2022-12-30 16:59:49.964000,,,31165467,,
2022-12-30 16:59:50.502000,,,31165521,,43190
2022-12-30 16:59:51.006000,,,31165750,,
2022-12-30 16:59:51.535000,,,31166054,,
2022-12-30 16:59:52.049000,,,31166154,,43191
2022-12-30 16:59:52.569000,,,31166668,,43192
2022-12-30 16:59:53.101000,129,129.01,31167271,,
2022-12-30 16:59:53.668000,,,31167482,,43193
2022-12-30 16:59:54.186000,,,31167998,,43194
2022-12-30 16:59:54.706000,,,31168059,,
2022-12-30 16:59:55.210000,,,31168309,,43195
2022-12-30 16:59:55.742000,,,31168513,,
2022-12-30 16:59:56.286000,,,31168575,,43196
2022-12-30 16:59:56.810000,,,31168828,,
2022-12-30 16:59:57.382000,,,31168835,,43197
2022-12-30 16:59:57.916000,,,31168848,,
2022-12-30 16:59:58.442000,,,31168935,,43198
2022-12-30 16:59:58.945000,,,31168941,,
2022-12-30 16:59:59.481000,128.99,129,31170943,,43199
2022-12-30 17:00:00.024000,,,31171043,,
2022-12-30 17:00:00.550000,129,129.01,31171563,,43200
2022-12-30 17:00:01.070000,,,31172110,,
2022-12-30 17:00:01.594000,129.01,129.02,31172796,,43201
2022-12-30 17:00:02.096000,129.03,129.04,31174989,,
2022-12-30 17:00:02.601000,129.02,129.03,31175659,,43202
2022-12-30 17:00:03.115000,129.01,129.02,31176490,,
2022-12-30 17:00:03.660000,,,31176653,,43203
2022-12-30 17:00:04.188000,129,129.01,31179612,,43204
2022-12-30 17:00:04.700000,,,31183525,,
2022-12-30 17:00:05.225000,129.01,129.02,31184493,,43205
2022-12-30 17:00:05.743000,,,31184685,,
2022-12-30 17:00:06.256000,,,31186489,,43206
2022-12-30 17:00:06.777000,,,31187947,,
2022-12-30 17:00:07.284000,129,129.01,31188564,,43207
2022-12-30 17:00:07.813000,,,31189680,,
2022-12-30 17:00:08.327000,,,31190226,,43208
2022-12-30 17:00:08.855000,,,31190231,,
2022-12-30 17:00:09.369000,128.97,128.98,31196021,,43209
2022-12-30 17:00:09.918000,,,31196238,,
2022-12-30 17:00:10.463000,128.98,128.99,31197084,,43210
2022-12-30 17:00:11.006000,,,31197085,,
2022-12-30 17:00:11.520000,,,31198015,,43211
2022-12-30 17:00:12.025000,,,31198306,,
2022-12-30 17:00:12.555000,,,31198827,,43212
2022-12-30 17:00:13.066000,128.99,129,31200035,,
2022-12-30 17:00:13.599000,,,31200060,,43213
2022-12-30 17:00:14.100000,129,129.01,31200183,,
2022-12-30 17:00:14.631000,129.01,129.02,31204109,,43214
2022-12-30 17:00:15.184000,129,129.01,31204882,,
2022-12-30 17:00:15.714000,,,31206790,,43215
2022-12-30 17:00:16.225000,,,31207694,,43216
2022-12-30 17:00:16.727000,,,31209712,,
2022-12-30 17:00:17.261000,,,31209724,,43217
2022-12-30 17:00:17.799000,129.01,129.02,31210122,,
2022-12-30 17:00:18.327000,,,31213180,,43218
2022-12-30 17:00:18.838000,129,129.01,31215051,,
2022-12-30 17:00:19.364000,,,31215703,,43219
2022-12-30 17:00:19.886000,,,31216423,,
2022-12-30 17:00:20.424000,,,31216525,,43220
2022-12-30 17:00:20.927000,129.01,129.02,31217150,,
2022-12-30 17:00:21.464000,129.02,129.03,31218468,,43221
2022-12-30 17:00:21.992000,129.01,129.02,31219243,,
2022-12-30 17:00:22.529000,,,31219266,,43222
2022-12-30 17:00:23.037000,,,31219368,,
2022-12-30 17:00:23.538000,,,31220589,,43223
2022-12-30 17:00:24.073000,,,31221796,,
2022-12-30 17:00:24.606000,,,31222001,,43224
2022-12-30 17:00:25.118000,,,31222663,,
2022-12-30 17:00:25.630000,,,31223237,,43225
2022-12-30 17:00:26.131000,,,31223241,,
2022-12-30 17:00:26.656000,,129.03,31224142,,43226
2022-12-30 17:00:27.190000,129.02,129.04,31224329,,
2022-12-30 17:00:27.714000,129.03,129.05,31224922,,43227
2022-12-30 17:00:28.236000,129.02,129.03,31231258,,43228
2022-12-30 17:00:28.749000,,,31231299,,
2022-12-30 17:00:29.274000,,,31231420,,43229
2022-12-30 17:00:29.780000,129.03,129.04,31232146,,
2022-12-30 17:00:30.286000,129.04,129.05,31232945,,43230
2022-12-30 17:00:30.800000,129.03,,31237425,,
2022-12-30 17:00:31.322000,129.04,,31239455,,43231
2022-12-30 17:00:31.826000,,,31239485,,
2022-12-30 17:00:32.352000,129.03,129.04,31240486,,43232
2022-12-30 17:00:32.874000,,,31243487,,
2022-12-30 17:00:33.380000,128.97,128.98,31250293,,43233
2022-12-30 17:00:33.887000,128.96,,31252002,,
2022-12-30 17:00:34.400000,,,31252102,,43234
2022-12-30 17:00:34.921000,,,31252905,,
