time,bid_price,ask_price,total_volume,open_price,quote_time
2022-12-29 14:31:11.549000,128.28,128.3,3136265,127.99,34271
2022-12-29 14:31:12.077000,128.27,128.29,3138522,,
2022-12-29 14:31:12.610000,,128.28,3138831,,34272
2022-12-29 14:31:13.112000,,,3141809,,
2022-12-29 14:31:13.622000,,128.29,3145383,,34273
2022-12-29 14:31:14.152000,128.26,128.28,3151368,,
2022-12-29 14:31:14.677000,128.23,128.24,3157331,,34274
2022-12-29 14:31:15.188000,128.2,128.21,3161036,,
2022-12-29 14:31:15.711000,128.17,128.18,3163950,,34275
2022-12-29 14:31:16.242000,,128.19,3173464,,
2022-12-29 14:31:16.773000,128.19,128.21,3180877,,34276
2022-12-29 14:31:17.289000,,,3182907,,34277
2022-12-29 14:31:17.828000,128.2,128.22,3194283,,
2022-12-29 14:31:18.370000,128.19,128.21,3196697,,34278
2022-12-29 14:31:18.902000,128.2,128.22,3198231,,
2022-12-29 14:31:19.432000,128.19,128.2,3202276,,34279
2022-12-29 14:31:19.963000,128.16,128.18,3207951,,
2022-12-29 14:31:20.490000,128.17,128.19,3210108,,34280
2022-12-29 14:31:20.995000,128.16,128.18,3217948,,
2022-12-29 14:31:21.527000,128.19,128.2,3220595,,34281
2022-12-29 14:31:22.039000,,128.21,3221245,,
2022-12-29 14:31:22.575000,,,3227913,,34282
2022-12-29 14:31:23.114000,,128.2,3233301,,
2022-12-29 14:31:23.645000,,,3235556,,34283
2022-12-29 14:31:24.182000,,,3236952,,
2022-12-29 14:31:24.720000,128.12,128.14,3246368,,34284
2022-12-29 14:31:25.230000,128.16,128.18,3249790,,
2022-12-29 14:31:25.744000,128.13,128.15,3252635,,34285
2022-12-29 14:31:26.288000,128.12,128.13,3261720,,34286
2022-12-29 14:31:26.812000,,,3265708,,
2022-12-29 14:31:27.349000,128.11,128.12,3270841,,34287
2022-12-29 14:31:27.871000,,128.13,3275991,,
2022-12-29 14:31:28.409000,128.13,128.14,3279975,,34288
2022-12-29 14:31:28.941000,128.11,128.12,3282082,,
2022-12-29 14:31:29.465000,128.17,128.19,3292588,,34289
2022-12-29 14:31:30.001000,128.15,128.18,3296317,,
2022-12-29 14:31:30.547000,128.2,128.21,3301660,,34290
2022-12-29 14:31:31.083000,128.17,128.19,3317747,,
2022-12-29 14:31:31.609000,128.15,128.17,3318756,,34291
2022-12-29 14:31:32.120000,,128.16,3327290,,
2022-12-29 14:31:32.640000,128.19,128.21,3328282,,34292
2022-12-29 14:31:33.159000,128.21,128.23,3331484,,
2022-12-29 14:31:33.701000,128.23,128.24,3346577,,34293
2022-12-29 14:31:34.231000,128.25,128.27,3349680,,
2022-12-29 14:31:34.738000,128.26,128.28,3358143,,34294
2022-12-29 14:31:35.269000,128.28,128.3,3379819,,34295
2022-12-29 14:31:35.794000,128.3,128.31,3393224,,
2022-12-29 14:31:36.306000,,128.32,3396694,,34296
2022-12-29 14:31:36.831000,128.32,128.33,3399695,,
2022-12-29 14:31:37.362000,,128.34,3400599,,34297
2022-12-29 14:31:37.874000,,,3406758,,
2022-12-29 14:31:38.378000,128.38,128.4,3418298,,34298
2022-12-29 14:31:38.890000,128.41,128.42,3427031,,
2022-12-29 14:31:39.412000,128.42,128.43,3435287,,34299
2022-12-29 14:31:39.930000,128.41,,3443116,,
2022-12-29 14:31:40.461000,128.42,,3444033,,34300
2022-12-29 14:31:40.986000,128.46,128.47,3460863,,
2022-12-29 14:31:41.492000,128.5,128.51,3490073,,34301
2022-12-29 14:31:42.022000,128.51,128.52,3506798,,
2022-12-29 14:31:42.552000,,128.53,3517259,,34302
2022-12-29 14:31:43.079000,,128.52,3520716,,
2022-12-29 14:31:43.582000,128.46,128.48,3551033,,34303
2022-12-29 14:31:44.085000,128.45,128.46,3557121,,
2022-12-29 14:31:44.634000,128.47,128.48,3560397,,34304
2022-12-29 14:31:45.146000,,,3565795,,
2022-12-29 14:31:45.671000,128.46,,3569231,,34305
2022-12-29 14:31:46.202000,128.43,128.45,3589105,,
2022-12-29 14:31:46.706000,128.41,128.44,3593890,,34306
2022-12-29 14:31:47.223000,128.42,128.43,3597571,,
2022-12-29 14:31:47.741000,128.38,128.39,3601349,,34307
2022-12-29 14:31:48.254000,128.4,128.41,3606776,,
2022-12-29 14:31:48.780000,,,3609503,,34308
2022-12-29 14:31:49.297000,,,3615204,,34309
2022-12-29 14:31:49.816000,128.39,,3619557,,
2022-12-29 14:31:50.352000,128.41,128.42,3622642,,34310
2022-12-29 14:31:50.877000,128.42,128.43,3630029,,
2022-12-29 14:31:51.408000,128.39,128.4,3645385,,34311
2022-12-29 14:31:51.934000,,,3650920,,
2022-12-29 14:31:52.445000,,,3652775,,34312
2022-12-29 14:31:52.949000,,128.41,3653884,,
2022-12-29 14:31:53.482000,128.4,128.42,3654789,,34313
2022-12-29 14:31:54.022000,,128.41,3655799,,
2022-12-29 14:31:54.545000,128.41,128.42,3657142,,34314
2022-12-29 14:31:55.056000,,128.43,3657973,,
2022-12-29 14:31:55.564000,128.43,128.44,3660629,,34315
2022-12-29 14:31:56.069000,128.42,,3674104,,
2022-12-29 14:31:56.574000,128.44,128.45,3677005,,34316
2022-12-29 14:31:57.105000,128.43,,3685548,,
2022-12-29 14:31:57.629000,128.44,,3687200,,34317
2022-12-29 14:31:58.160000,128.45,128.46,3694578,,
2022-12-29 14:31:58.691000,128.47,128.48,3704837,,34318
2022-12-29 14:31:59.225000,128.45,128.46,3709699,,
2022-12-29 14:31:59.736000,,,3711777,,34319
2022-12-29 14:32:00.254000,128.44,,3715166,,
2022-12-29 14:32:00.785000,128.37,128.38,3724875,,34320
2022-12-29 14:32:01.315000,128.34,128.35,3730700,,34321
2022-12-29 14:32:01.827000,,128.36,3735111,,
2022-12-29 14:32:02.373000,128.39,128.41,3739903,,34322
2022-12-29 14:32:02.885000,128.34,128.35,3743003,,
2022-12-29 14:32:03.408000,128.3,128.32,3747874,,34323
2022-12-29 14:32:03.952000,,128.31,3749804,,
2022-12-29 14:32:04.477000,128.31,128.33,3756176,,34324
2022-12-29 14:32:04.979000,128.28,128.3,3788517,,
2022-12-29 14:32:05.488000,128.27,128.29,3792313,,34325
2022-12-29 14:32:06.019000,128.28,,3801462,,
2022-12-29 14:32:06.551000,128.26,128.28,3805223,,34326
2022-12-29 14:32:07.062000,128.27,,3807263,,
2022-12-29 14:32:07.580000,,128.29,3811380,,34327
2022-12-29 14:32:08.091000,128.26,128.28,3813532,,
2022-12-29 14:32:08.596000,128.27,,3816686,,34328
2022-12-29 14:32:09.103000,,,3819797,,
2022-12-29 14:32:09.633000,,128.29,3823737,,34329
2022-12-29 14:32:10.175000,128.24,128.26,3841599,,
2022-12-29 14:32:10.681000,128.23,128.25,3844528,,34330
2022-12-29 14:32:11.211000,128.21,128.23,3851254,,
2022-12-29 14:32:11.743000,,,3875723,,34331
2022-12-29 14:32:12.272000,,,3880329,,34332
2022-12-29 14:32:12.808000,128.2,128.21,3882551,,
2022-12-29 14:32:13.354000,,128.22,3889840,,34333
2022-12-29 14:32:13.887000,,,3899952,,
2022-12-29 14:32:14.389000,128.21,128.23,3910583,,34334
2022-12-29 14:32:14.896000,128.23,128.24,3912417,,
2022-12-29 14:32:15.437000,128.25,128.26,3917566,,34335
2022-12-29 14:32:15.961000,,128.28,3920807,,
2022-12-29 14:32:16.499000,,128.27,3923654,,34336
2022-12-29 14:32:17.011000,,128.26,3924753,,
2022-12-29 14:32:17.536000,128.24,128.25,3933285,,34337
2022-12-29 14:32:18.060000,128.23,,3938872,,
2022-12-29 14:32:18.591000,,128.24,3940624,,34338
2022-12-29 14:32:19.099000,,,3942667,,
2022-12-29 14:32:19.612000,,,3943177,,34339
2022-12-29 14:32:20.135000,128.22,,3944064,,
2022-12-29 14:32:20.652000,,,3944654,,34340
2022-12-29 14:32:21.176000,128.23,128.25,3949362,,
2022-12-29 14:32:21.713000,128.22,128.24,3954764,,34341
2022-12-29 14:32:22.238000,,,3955424,,
2022-12-29 14:32:22.796000,128.23,128.25,3957789,,34342
2022-12-29 14:32:23.304000,,,3965814,,34343
2022-12-29 14:32:23.829000,128.24,,3967138,,
2022-12-29 14:32:24.363000,,128.26,3968004,,34344
2022-12-29 14:32:24.875000,128.25,,3968672,,
2022-12-29 14:32:25.389000,,,3972254,,34345
2022-12-29 14:32:25.920000,,,3972944,,
2022-12-29 14:32:26.445000,,,3974716,,34346
2022-12-29 14:32:26.978000,,,3981224,,
2022-12-29 14:32:27.507000,128.24,,3998533,,34347
2022-12-29 14:32:28.024000,128.23,128.24,4001326,,
2022-12-29 14:32:28.563000,,,4001938,,34348
2022-12-29 14:32:29.105000,,,4005129,,
2022-12-29 14:32:29.607000,,,4005717,,34349
2022-12-29 14:32:30.121000,128.2,128.22,4008039,,
2022-12-29 14:32:30.641000,,,4008662,,34350
2022-12-29 14:32:31.179000,,128.21,4010085,,
2022-12-29 14:32:31.701000,,,4011412,,34351
2022-12-29 14:32:32.218000,,,4012977,,
2022-12-29 14:32:32.729000,128.16,128.18,4014839,,34352
2022-12-29 14:32:33.233000,128.17,128.19,4015489,,
2022-12-29 14:32:33.750000,,128.18,4016999,,34353
2022-12-29 14:32:34.281000,128.16,128.17,4022015,,34354
2022-12-29 14:32:34.788000,128.15,128.18,4024409,,
2022-12-29 14:32:35.333000,,128.17,4028261,,34355
2022-12-29 14:32:35.849000,128.12,128.13,4036390,,
2022-12-29 14:32:36.354000,128.1,128.12,4037891,,34356
2022-12-29 14:32:36.904000,,,4040891,,
2022-12-29 14:32:37.436000,,128.11,4046974,,34357
2022-12-29 14:32:37.962000,,,4050458,,
2022-12-29 14:32:38.473000,128.12,128.14,4053915,,34358
2022-12-29 14:32:38.998000,128.1,128.11,4058147,,
2022-12-29 14:32:39.509000,128.08,128.09,4079295,,34359
2022-12-29 14:32:40.035000,128.07,,4083333,,
2022-12-29 14:32:40.549000,,128.08,4084834,,34360
2022-12-29 14:32:41.072000,,,4087492,,
2022-12-29 14:32:41.604000,128.06,,4090215,,34361
2022-12-29 14:32:42.122000,,128.07,4092392,,
2022-12-29 14:32:42.633000,128.05,128.06,4094128,,34362
2022-12-29 14:32:43.157000,128.04,,4096506,,
2022-12-29 14:32:43.668000,128.02,128.03,4099596,,34363
2022-12-29 14:32:44.198000,128.01,128.02,4101611,,
2022-12-29 14:32:44.710000,128.02,128.04,4117459,,34364
2022-12-29 14:32:45.212000,128,128.01,4120128,,
2022-12-29 14:32:45.737000,127.95,127.96,4159703,,34365
2022-12-29 14:32:46.254000,127.97,127.98,4184877,,34366
2022-12-29 14:32:46.759000,127.94,127.96,4186751,,
2022-12-29 14:32:47.284000,127.91,127.92,4196868,,34367
2022-12-29 14:32:47.826000,,127.93,4199931,,
2022-12-29 14:32:48.346000,127.9,127.91,4202351,,34368
2022-12-29 14:32:48.857000,127.87,127.9,4207151,,
2022-12-29 14:32:49.401000,,127.89,4212505,,34369
2022-12-29 14:32:49.911000,,,4215934,,
2022-12-29 14:32:50.438000,127.88,127.9,4219134,,34370
2022-12-29 14:32:50.951000,127.87,127.89,4222093,,
2022-12-29 14:32:51.476000,127.88,,4223347,,34371
2022-12-29 14:32:52.008000,127.87,127.88,4227456,,
2022-12-29 14:32:52.511000,,127.89,4246647,,34372
2022-12-29 14:32:53.022000,127.86,127.87,4251633,,
2022-12-29 14:32:53.524000,127.84,127.86,4255875,,34373
2022-12-29 14:32:54.030000,127.83,127.84,4264357,,
2022-12-29 14:32:54.556000,127.85,127.87,4267016,,34374
2022-12-29 14:32:55.093000,127.83,127.84,4274518,,
2022-12-29 14:32:55.599000,127.85,127.86,4278037,,34375
2022-12-29 14:32:56.112000,127.84,,4280271,,34376
2022-12-29 14:32:56.637000,,,4281924,,
2022-12-29 14:32:57.169000,,,4292169,,
2022-12-29 14:32:57.671000,127.81,127.82,4294497,,34377
2022-12-29 14:32:58.176000,,127.84,4296535,,
2022-12-29 14:32:58.688000,127.9,127.92,4313218,,34378
2022-12-29 14:32:59.211000,127.86,127.88,4320658,,34379
2022-12-29 14:32:59.722000,127.88,127.9,4325502,,
2022-12-29 14:33:00.240000,127.9,127.92,4330278,,34380
2022-12-29 14:33:00.758000,127.89,127.91,4333519,,
2022-12-29 14:33:01.271000,127.9,127.92,4339182,,
2022-12-29 14:33:01.805000,127.94,127.96,4348016,,34381
2022-12-29 14:33:02.306000,127.96,127.98,4353046,,34382
2022-12-29 14:33:02.825000,127.97,127.99,4357586,,
2022-12-29 14:33:03.337000,127.96,127.98,4369739,,34383
2022-12-29 14:33:03.848000,127.94,127.96,4373811,,
2022-12-29 14:33:04.352000,127.96,127.97,4380075,,34384
2022-12-29 14:33:04.870000,127.94,127.95,4383680,,
2022-12-29 14:33:05.391000,,,4386021,,34385
2022-12-29 14:33:05.911000,127.93,127.94,4388550,,
2022-12-29 14:33:06.430000,127.96,127.97,4396038,,34386
2022-12-29 14:33:06.955000,128,128.03,4400837,,
2022-12-29 14:33:07.477000,127.99,128.01,4403652,,34387
2022-12-29 14:33:08.014000,,128.02,4408646,,
2022-12-29 14:33:08.518000,128.01,,4410493,,34388
2022-12-29 14:33:09.056000,,,4417419,,34389
2022-12-29 14:33:09.574000,,,4417735,,
2022-12-29 14:33:10.091000,128.02,128.03,4424130,,
2022-12-29 14:33:10.592000,128.01,,4425595,,34390
2022-12-29 14:33:11.111000,,,4427176,,34391
2022-12-29 14:33:11.631000,128.02,,4428553,,
2022-12-29 14:33:12.136000,,,4429531,,34392
2022-12-29 14:33:12.647000,,,4430996,,
2022-12-29 14:33:13.153000,128.03,128.04,4434950,,
2022-12-29 14:33:13.683000,,,4437427,,34393
2022-12-29 14:33:14.220000,128.04,128.05,4441982,,34394
2022-12-29 14:33:14.753000,,,4443348,,
2022-12-29 14:33:15.264000,,,4444091,,
2022-12-29 14:33:15.808000,128.03,,4448129,,34395
2022-12-29 14:33:16.333000,,,4449902,,34396
2022-12-29 14:33:16.858000,128.02,128.04,4453381,,
2022-12-29 14:33:17.437000,127.96,127.97,4460062,,34397
2022-12-29 14:33:17.975000,127.91,127.92,4463167,,
2022-12-29 14:33:18.494000,127.93,127.95,4470318,,34398
2022-12-29 14:33:19.005000,127.88,127.9,4476112,,
2022-12-29 14:33:19.509000,127.9,127.91,4478046,,34399
2022-12-29 14:33:20.027000,127.89,127.9,4481495,,
2022-12-29 14:33:20.569000,,,4486491,,34400
2022-12-29 14:33:21.075000,127.9,127.91,4503118,,
2022-12-29 14:33:21.589000,,,4507686,,34401
2022-12-29 14:33:22.094000,128,128.01,4528859,,34402
2022-12-29 14:33:22.618000,128.03,128.04,4546231,,
2022-12-29 14:33:23.129000,128.04,128.06,4548153,,34403
2022-12-29 14:33:23.652000,128.07,128.09,4554279,,
2022-12-29 14:33:24.179000,128.1,128.13,4558847,,34404
2022-12-29 14:33:24.716000,128.15,128.17,4561390,,
2022-12-29 14:33:25.246000,128.16,128.18,4566566,,34405
2022-12-29 14:33:25.763000,128.13,128.15,4570991,,
2022-12-29 14:33:26.304000,128.14,128.16,4573379,,34406
2022-12-29 14:33:26.829000,128.16,128.17,4576853,,
2022-12-29 14:33:27.344000,,,4582946,,34407
2022-12-29 14:33:27.879000,128.17,128.18,4585030,,
2022-12-29 14:33:28.403000,,,4585699,,
2022-12-29 14:33:28.919000,128.16,128.17,4592230,,34408
2022-12-29 14:33:29.436000,128.15,128.18,4594678,,34409
2022-12-29 14:33:29.982000,128.14,128.16,4597384,,
2022-12-29 14:33:30.521000,,,4599347,,34410
2022-12-29 14:33:31.039000,128.15,,4600355,,
2022-12-29 14:33:31.560000,,128.17,4604606,,34411
2022-12-29 14:33:32.097000,,,4605312,,34412
2022-12-29 14:33:32.619000,,,4607323,,
2022-12-29 14:33:33.132000,,128.16,4608616,,34413
2022-12-29 14:33:33.656000,128.1,128.12,4613585,,
2022-12-29 14:33:34.174000,,,4615301,,
2022-12-29 14:33:34.691000,128.11,,4620358,,34414
2022-12-29 14:33:35.194000,128.09,128.1,4622490,,34415
2022-12-29 14:33:35.701000,128.13,128.14,4624993,,
2022-12-29 14:33:36.219000,128.14,128.16,4628652,,34416
2022-12-29 14:33:36.763000,,,4630577,,
2022-12-29 14:33:37.288000,,,4633566,,34417
2022-12-29 14:33:37.826000,128.16,128.17,4636797,,
2022-12-29 14:33:38.329000,128.2,128.21,4644430,,34418
2022-12-29 14:33:38.862000,128.19,,4647566,,
2022-12-29 14:33:39.365000,128.2,128.22,4648923,,34419
2022-12-29 14:33:39.876000,128.23,128.24,4654863,,
2022-12-29 14:33:40.528000,128.2,128.22,4666486,,34420
2022-12-29 14:33:41.070000,128.19,128.2,4673288,,
2022-12-29 14:33:41.608000,128.18,128.19,4681603,,34421
2022-12-29 14:33:42.120000,128.17,128.18,4685590,,34422
2022-12-29 14:33:42.623000,,,4687822,,
2022-12-29 14:33:43.161000,,,4691268,,34423
2022-12-29 14:33:43.706000,,128.19,4695124,,
2022-12-29 14:33:44.236000,,,4697741,,34424
2022-12-29 14:33:44.742000,,,4698479,,
2022-12-29 14:33:45.263000,,,4699536,,34425
2022-12-29 14:33:45.790000,128.15,128.16,4701198,,
2022-12-29 14:33:46.319000,,,4701663,,
2022-12-29 14:33:46.836000,128.11,128.13,4707415,,34426
2022-12-29 14:33:47.362000,128.12,,4708243,,
2022-12-29 14:33:47.874000,128.11,,4714974,,34427
2022-12-29 14:33:48.418000,128.13,128.15,4716684,,34428
2022-12-29 14:33:48.949000,128.17,128.19,4718445,,
2022-12-29 14:33:49.493000,128.18,128.21,4722709,,34429
2022-12-29 14:33:50.004000,128.2,,4722824,,
2022-12-29 14:33:50.509000,128.19,128.2,4723957,,34430
2022-12-29 14:33:51.040000,,,4728560,,
2022-12-29 14:33:51.544000,128.16,128.18,4731561,,34431
2022-12-29 14:33:52.055000,128.14,128.16,4733197,,
2022-12-29 14:33:52.560000,128.15,128.18,4733408,,34432
2022-12-29 14:33:53.089000,128.2,128.22,4734842,,
2022-12-29 14:33:53.609000,128.19,128.2,4737441,,34433
2022-12-29 14:33:54.111000,,,4738101,,
2022-12-29 14:33:54.628000,,,4742281,,
2022-12-29 14:33:55.169000,128.22,128.24,4749340,,34435
2022-12-29 14:33:55.678000,,,4751066,,
2022-12-29 14:33:56.189000,128.25,128.27,4765037,,34436
2022-12-29 14:33:56.696000,128.24,128.26,4770391,,
2022-12-29 14:33:57.213000,128.22,128.25,4772819,,34437
2022-12-29 14:33:57.752000,128.24,,4775472,,
2022-12-29 14:33:58.256000,128.23,,4780540,,34438
2022-12-29 14:33:58.768000,,128.24,4781971,,
2022-12-29 14:33:59.304000,128.22,128.23,4785909,,34439
2022-12-29 14:33:59.841000,,128.24,4786621,,
2022-12-29 14:34:00.367000,,128.23,4790434,,34440
2022-12-29 14:34:00.879000,128.15,128.16,4798828,,
2022-12-29 14:34:01.385000,128.18,128.19,4801815,,34441
2022-12-29 14:34:01.890000,,128.2,4806900,,
2022-12-29 14:34:02.431000,,,4809402,,34442
2022-12-29 14:34:02.969000,,,4812160,,
2022-12-29 14:34:03.488000,128.23,128.24,4817587,,34443
2022-12-29 14:34:04.006000,,,4822548,,
2022-12-29 14:34:04.547000,,128.25,4824308,,34444
2022-12-29 14:34:05.058000,128.24,,4827135,,
2022-12-29 14:34:05.604000,,,4832643,,34445
2022-12-29 14:34:06.140000,128.23,128.24,4834360,,
2022-12-29 14:34:06.644000,128.25,128.28,4836130,,34446
2022-12-29 14:34:07.167000,128.26,,4838127,,34447
2022-12-29 14:34:07.680000,,128.27,4840706,,
2022-12-29 14:34:08.223000,128.27,128.28,4842733,,34448
2022-12-29 14:34:08.742000,128.26,,4844108,,
2022-12-29 14:34:09.285000,,128.27,4846316,,34449
2022-12-29 14:34:09.797000,,128.28,4848007,,
2022-12-29 14:34:10.336000,128.28,128.3,4851291,,34450
2022-12-29 14:34:10.874000,,128.29,4852471,,
2022-12-29 14:34:11.423000,,,4857983,,34451
2022-12-29 14:34:11.935000,,,4859172,,
2022-12-29 14:34:12.479000,,128.3,4861139,,34452
2022-12-29 14:34:13.046000,128.32,128.34,4865928,,
2022-12-29 14:34:13.559000,,128.33,4867705,,34453
2022-12-29 14:34:14.083000,128.28,128.31,4874196,,
2022-12-29 14:34:14.588000,,,4875790,,34454
2022-12-29 14:34:15.117000,128.29,,4879092,,
2022-12-29 14:34:15.624000,,128.3,4881293,,34455
2022-12-29 14:34:16.135000,,128.31,4882318,,
2022-12-29 14:34:16.659000,128.33,128.34,4886404,,34456
2022-12-29 14:34:17.191000,128.3,128.31,4890044,,34457
2022-12-29 14:34:17.721000,128.31,128.33,4892675,,
2022-12-29 14:34:18.235000,,,4893440,,34458
2022-12-29 14:34:18.758000,128.32,128.34,4896117,,
2022-12-29 14:34:19.289000,128.33,,4901050,,34459
2022-12-29 14:34:19.813000,128.32,,4904523,,
2022-12-29 14:34:20.324000,128.34,128.36,4911625,,34460
2022-12-29 14:34:20.849000,128.35,,4916414,,
2022-12-29 14:34:21.361000,128.37,128.38,4918851,,34461
2022-12-29 14:34:21.887000,128.41,128.44,4926979,,
2022-12-29 14:34:22.392000,128.4,128.41,4929645,,34462
2022-12-29 14:34:22.902000,128.41,128.43,4938091,,
2022-12-29 14:34:23.428000,128.4,128.41,4940816,,34463
2022-12-29 14:34:23.960000,128.46,128.48,4955420,,
2022-12-29 14:34:24.461000,,128.47,4980313,,34464
2022-12-29 14:34:24.993000,128.45,,4983723,,
2022-12-29 14:34:25.520000,128.46,,4987627,,34465
2022-12-29 14:34:26.090000,128.47,128.48,4990595,,
2022-12-29 14:34:26.602000,128.48,128.51,5005427,,34466
2022-12-29 14:34:27.127000,128.52,128.53,5016243,,
2022-12-29 14:34:27.639000,128.54,128.55,5044349,,34467
2022-12-29 14:34:28.165000,128.58,128.6,5070925,,
2022-12-29 14:34:28.689000,128.57,128.59,5080244,,34468
2022-12-29 14:34:29.226000,128.58,128.6,5094076,,34469
2022-12-29 14:34:29.765000,128.57,128.58,5101927,,
2022-12-29 14:34:30.310000,,128.59,5107313,,34470
2022-12-29 14:34:30.814000,,,5113487,,
2022-12-29 14:34:31.343000,,,5118461,,34471
2022-12-29 14:34:31.870000,128.58,,5135404,,
2022-12-29 14:34:32.400000,,,5142858,,34472
2022-12-29 14:34:32.929000,128.63,128.64,5148250,,
2022-12-29 14:34:33.468000,128.56,128.57,5163012,,34473
2022-12-29 14:34:33.991000,128.64,128.67,5199423,,
2022-12-29 14:34:34.506000,128.67,128.68,5210793,,34474
2022-12-29 14:34:35.019000,128.72,128.73,5222042,,
2022-12-29 14:34:35.562000,128.69,128.71,5230373,,34475
2022-12-29 14:34:36.074000,,,5236839,,
2022-12-29 14:34:36.575000,128.67,128.69,5243282,,34476
2022-12-29 14:34:37.087000,,,5244229,,
2022-12-29 14:34:37.588000,,128.68,5248235,,34477
2022-12-29 14:34:38.100000,,128.69,5256533,,
2022-12-29 14:34:38.626000,,128.68,5258654,,34478
2022-12-29 14:34:39.134000,128.69,128.7,5261537,,
2022-12-29 14:34:39.665000,128.66,128.67,5269902,,34479
2022-12-29 14:34:40.189000,128.67,128.68,5273539,,
2022-12-29 14:34:40.727000,128.71,128.73,5285416,,34480
2022-12-29 14:34:41.250000,128.69,128.71,5294965,,34481
2022-12-29 14:34:41.823000,128.7,,5296432,,
2022-12-29 14:34:42.360000,128.73,128.74,5298152,,34482
2022-12-29 14:34:42.906000,,128.75,5301520,,
2022-12-29 14:34:43.429000,128.72,128.73,5307393,,34483
2022-12-29 14:34:43.937000,,,5313331,,
2022-12-29 14:34:44.451000,128.74,128.75,5334026,,34484
2022-12-29 14:34:44.963000,128.73,128.74,5338800,,
2022-12-29 14:34:45.494000,128.7,128.72,5342886,,34485
2022-12-29 14:34:46.006000,,128.71,5343464,,
2022-12-29 14:34:46.531000,128.61,128.62,5357444,,34486
2022-12-29 14:34:47.068000,128.64,128.66,5375629,,
2022-12-29 14:34:47.587000,128.61,128.62,5388335,,34487
2022-12-29 14:34:48.132000,128.62,128.63,5393649,,
2022-12-29 14:34:48.668000,128.64,128.65,5400840,,34488
2022-12-29 14:34:49.209000,,,5402132,,
2022-12-29 14:34:49.727000,128.68,128.7,5414572,,34489
2022-12-29 14:34:50.264000,128.71,128.72,5420153,,34490
2022-12-29 14:34:50.796000,,,5421542,,
2022-12-29 14:34:51.325000,128.73,128.74,5424562,,34491
2022-12-29 14:34:51.844000,128.7,128.71,5431061,,
2022-12-29 14:34:52.375000,128.72,128.74,5435928,,34492
2022-12-29 14:34:52.879000,128.74,128.76,5443012,,
2022-12-29 14:34:53.411000,128.71,128.73,5447911,,34493
2022-12-29 14:34:53.915000,,,5449268,,
2022-12-29 14:34:54.427000,128.74,128.75,5450812,,34494
2022-12-29 14:34:54.951000,128.73,,5459544,,
2022-12-29 14:34:55.475000,,,5463859,,34495
2022-12-29 14:34:55.993000,128.75,128.76,5471618,,
2022-12-29 14:34:56.537000,128.76,128.78,5478255,,34496
2022-12-29 14:34:57.075000,128.78,128.79,5483631,,
2022-12-29 14:34:57.590000,128.77,128.78,5488750,,34497
2022-12-29 14:34:58.108000,128.73,128.75,5496297,,
2022-12-29 14:34:58.654000,128.74,,5499083,,34498
2022-12-29 14:34:59.198000,,,5503504,,
2022-12-29 14:34:59.716000,128.73,128.74,5505417,,34499
2022-12-29 14:35:00.254000,128.7,128.71,5508675,,
2022-12-29 14:35:00.767000,128.63,128.64,5524267,,34500
2022-12-29 14:35:01.308000,128.68,128.71,5529975,,34501
2022-12-29 14:35:01.825000,128.72,128.75,5535380,,
2022-12-29 14:35:02.349000,128.76,128.77,5540988,,34502
2022-12-29 14:35:02.861000,,,5544476,,
2022-12-29 14:35:03.375000,,,5547011,,34503
2022-12-29 14:35:03.887000,128.77,128.78,5549335,,
2022-12-29 14:35:04.391000,128.81,128.83,5557231,,34504
2022-12-29 14:35:04.921000,128.79,128.8,5566635,,
2022-12-29 14:35:05.422000,128.78,128.79,5571833,,34505
2022-12-29 14:35:05.934000,128.75,128.77,5577356,,
2022-12-29 14:35:06.459000,128.78,128.79,5580608,,34506
2022-12-29 14:35:06.972000,,,5586291,,
2022-12-29 14:35:07.495000,128.77,128.78,5589500,,34507
2022-12-29 14:35:08.020000,,,5593488,,
2022-12-29 14:35:08.538000,128.72,128.73,5597667,,34508
2022-12-29 14:35:09.057000,128.69,128.7,5604688,,34509
2022-12-29 14:35:09.598000,,128.71,5609855,,
2022-12-29 14:35:10.142000,128.68,128.69,5614895,,
2022-12-29 14:35:10.675000,128.67,128.68,5623807,,34510
2022-12-29 14:35:11.199000,,,5636481,,34511
2022-12-29 14:35:11.743000,128.73,128.74,5642678,,
2022-12-29 14:35:12.255000,128.8,128.82,5653469,,34512
2022-12-29 14:35:12.778000,128.83,128.85,5656306,,
2022-12-29 14:35:13.289000,128.84,128.86,5664900,,34513
2022-12-29 14:35:13.833000,128.86,128.87,5667414,,
2022-12-29 14:35:14.365000,128.87,128.88,5674527,,34514
2022-12-29 14:35:14.876000,128.86,,5682976,,
2022-12-29 14:35:15.410000,,,5686264,,34515
2022-12-29 14:35:15.932000,,128.87,5691910,,
2022-12-29 14:35:16.471000,,,5694085,,34516
2022-12-29 14:35:16.995000,128.8,128.81,5700719,,
2022-12-29 14:35:17.512000,128.79,128.8,5711092,,34517
2022-12-29 14:35:18.044000,,,5719842,,34518
2022-12-29 14:35:18.548000,128.76,128.79,5739468,,
2022-12-29 14:35:19.092000,128.8,128.8,5746755,,
2022-12-29 14:35:19.609000,128.86,128.87,5753164,,34519
2022-12-29 14:35:20.141000,,,5754012,,
2022-12-29 14:35:20.687000,128.87,128.88,5761473,,34520
2022-12-29 14:35:21.199000,128.86,128.89,5769189,,34521
2022-12-29 14:35:21.723000,128.87,128.88,5774293,,
2022-12-29 14:35:22.229000,128.88,128.89,5778117,,
2022-12-29 14:35:22.737000,,,5778766,,34522
2022-12-29 14:35:23.248000,128.87,128.88,5782321,,
2022-12-29 14:35:23.762000,,128.89,5785041,,34523
2022-12-29 14:35:24.267000,128.9,128.91,5794987,,
2022-12-29 14:35:24.801000,128.88,128.9,5810898,,34524
2022-12-29 14:35:25.307000,128.89,128.91,5815645,,34525
2022-12-29 14:35:25.836000,,128.9,5817044,,
2022-12-29 14:35:26.375000,,,5827931,,34526
2022-12-29 14:35:26.893000,128.88,,5837570,,
2022-12-29 14:35:27.405000,,128.89,5839522,,34527
2022-12-29 14:35:27.929000,,,5841395,,
2022-12-29 14:35:28.435000,128.9,128.91,5846611,,34528
2022-12-29 14:35:28.944000,128.88,128.9,5864700,,
2022-12-29 14:35:29.451000,128.91,128.92,5867176,,34529
2022-12-29 14:35:29.956000,128.86,128.88,5878758,,
2022-12-29 14:35:30.487000,,128.89,5881284,,34530
2022-12-29 14:35:31.019000,128.87,,5882987,,
2022-12-29 14:35:31.543000,,,5889575,,34531
2022-12-29 14:35:32.077000,128.83,128.84,5893549,,
2022-12-29 14:35:32.598000,128.87,128.88,5896073,,34532
2022-12-29 14:35:33.104000,,,5897498,,
2022-12-29 14:35:33.638000,,,5904937,,34533
2022-12-29 14:35:34.143000,128.86,128.87,5905828,,34534
2022-12-29 14:35:34.653000,128.83,128.84,5907687,,
2022-12-29 14:35:35.158000,128.8,128.81,5916856,,
2022-12-29 14:35:35.688000,128.79,128.8,5922824,,34535
2022-12-29 14:35:36.226000,,,5923398,,34536
2022-12-29 14:35:36.734000,128.78,128.79,5930464,,
2022-12-29 14:35:37.242000,,,5931068,,34537
2022-12-29 14:35:37.777000,128.84,128.85,5937114,,
2022-12-29 14:35:38.282000,128.85,128.86,5937842,,34538
2022-12-29 14:35:38.790000,128.84,128.85,5938410,,
2022-12-29 14:35:39.322000,,,5943867,,34539
2022-12-29 14:35:39.824000,,128.86,5945546,,
2022-12-29 14:35:40.330000,,128.85,5945648,,34540
2022-12-29 14:35:40.857000,128.81,128.83,5951161,,
2022-12-29 14:35:41.396000,128.87,128.88,5954257,,34541
2022-12-29 14:35:41.898000,,,5962355,,
2022-12-29 14:35:42.425000,,,5965086,,
2022-12-29 14:35:42.956000,128.89,128.9,5966076,,34542
2022-12-29 14:35:43.482000,,128.91,5966881,,34543
2022-12-29 14:35:44.019000,,,5968962,,
2022-12-29 14:35:44.538000,,,5969550,,34544
2022-12-29 14:35:45.050000,128.91,128.92,5977020,,34545
2022-12-29 14:35:45.554000,128.9,,5985014,,
2022-12-29 14:35:46.080000,128.92,128.93,5989260,,34546
2022-12-29 14:35:46.614000,128.94,128.95,6001318,,
2022-12-29 14:35:47.121000,128.95,128.96,6003195,,34547
2022-12-29 14:35:47.634000,128.97,128.98,6006086,,
2022-12-29 14:35:48.175000,,,6008582,,
2022-12-29 14:35:48.707000,128.98,128.99,6064471,,34548
2022-12-29 14:35:49.231000,128.99,129,6072717,,34549
2022-12-29 14:35:49.742000,128.98,128.99,6082442,,
2022-12-29 14:35:50.247000,,129,6084322,,
2022-12-29 14:35:50.768000,128.99,,6093131,,34550
2022-12-29 14:35:51.285000,,129.01,6097297,,34551
2022-12-29 14:35:51.831000,,,6102916,,
2022-12-29 14:35:52.337000,128.97,128.98,6110341,,34552
2022-12-29 14:35:52.879000,128.98,129,6115007,,
2022-12-29 14:35:53.411000,,128.99,6115574,,34553
2022-12-29 14:35:53.935000,129.03,129.04,6124327,,
2022-12-29 14:35:54.446000,129.01,129.02,6129461,,34554
2022-12-29 14:35:54.971000,129.02,129.03,6134128,,
2022-12-29 14:35:55.488000,,,6134359,,34555
2022-12-29 14:35:55.994000,129.04,129.05,6143429,,
2022-12-29 14:35:56.507000,129.05,129.06,6147128,,34556
2022-12-29 14:35:57.032000,129.04,129.05,6147816,,
2022-12-29 14:35:57.544000,,,6149956,,34557
2022-12-29 14:35:58.068000,129.03,129.04,6157781,,34558
2022-12-29 14:35:58.574000,129.01,129.02,6161520,,
2022-12-29 14:35:59.116000,128.99,129,6169336,,
2022-12-29 14:35:59.648000,,,6176923,,34559
2022-12-29 14:36:00.192000,,129.01,6179772,,34560
2022-12-29 14:36:00.723000,128.95,128.96,6187039,,
2022-12-29 14:36:01.233000,128.94,128.95,6193765,,
2022-12-29 14:36:01.747000,128.91,128.92,6199859,,34561
2022-12-29 14:36:02.287000,128.9,128.91,6202409,,
2022-12-29 14:36:02.803000,128.89,128.9,6209819,,34562
2022-12-29 14:36:03.315000,128.9,128.92,6216611,,34563
2022-12-29 14:36:03.862000,128.91,,6224106,,
2022-12-29 14:36:04.379000,128.92,128.93,6242018,,34564
2022-12-29 14:36:04.923000,128.93,128.95,6244195,,
2022-12-29 14:36:05.460000,128.9,128.91,6248800,,34565
2022-12-29 14:36:06.001000,128.89,128.9,6254709,,
2022-12-29 14:36:06.511000,,,6257417,,34566
2022-12-29 14:36:07.050000,128.9,128.91,6265601,,
2022-12-29 14:36:07.577000,,,6269752,,34567
2022-12-29 14:36:08.095000,128.91,128.92,6283153,,
2022-12-29 14:36:08.613000,128.92,128.94,6285372,,34568
2022-12-29 14:36:09.145000,128.96,128.98,6286572,,34569
2022-12-29 14:36:09.674000,,128.97,6288855,,
2022-12-29 14:36:10.185000,128.94,128.96,6290642,,
2022-12-29 14:36:10.727000,128.95,,6291395,,34570
2022-12-29 14:36:11.233000,,,6292605,,
2022-12-29 14:36:11.765000,,,6296928,,34571
2022-12-29 14:36:12.277000,,128.97,6300134,,
2022-12-29 14:36:12.779000,128.94,128.95,6303739,,34572
2022-12-29 14:36:13.317000,128.93,,6307523,,34573
2022-12-29 14:36:13.822000,,,6308830,,
2022-12-29 14:36:14.378000,,128.94,6315080,,34574
2022-12-29 14:36:14.896000,,128.95,6316513,,
2022-12-29 14:36:15.415000,,128.94,6316816,,34575
2022-12-29 14:36:15.926000,,,6317441,,
2022-12-29 14:36:16.471000,,,6319567,,34576
2022-12-29 14:36:16.991000,,,6320768,,
2022-12-29 14:36:17.523000,,,6321016,,34577
2022-12-29 14:36:18.031000,128.91,128.92,6330678,,
2022-12-29 14:36:18.544000,128.9,128.91,6332629,,34578
2022-12-29 14:36:19.066000,,,6333556,,
2022-12-29 14:36:19.579000,,,6337679,,34579
2022-12-29 14:36:20.081000,,,6339935,,
2022-12-29 14:36:20.601000,,,6340066,,34580
2022-12-29 14:36:21.133000,,128.92,6345033,,34581
2022-12-29 14:36:21.662000,,,6352894,,
2022-12-29 14:36:22.188000,128.91,,6354946,,34582
2022-12-29 14:36:22.726000,,,6355994,,
2022-12-29 14:36:23.227000,128.94,128.95,6365765,,34583
2022-12-29 14:36:23.739000,,,6370681,,
2022-12-29 14:36:24.262000,128.98,128.99,6377367,,34584
2022-12-29 14:36:24.773000,128.97,,6380100,,
2022-12-29 14:36:25.276000,,128.98,6380792,,34585
2022-12-29 14:36:25.814000,128.95,128.97,6386324,,
2022-12-29 14:36:26.333000,128.98,128.99,6387658,,34586
2022-12-29 14:36:26.840000,128.97,,6389328,,
2022-12-29 14:36:27.348000,,,6389628,,34587
2022-12-29 14:36:27.855000,128.98,,6392596,,
2022-12-29 14:36:28.383000,,,6393277,,34588
2022-12-29 14:36:28.915000,128.99,129,6399044,,
2022-12-29 14:36:29.439000,,,6400796,,34589
2022-12-29 14:36:29.971000,,,6401855,,
2022-12-29 14:36:30.501000,129.03,129.05,6411761,,34590
2022-12-29 14:36:31.007000,129.04,,6413038,,
2022-12-29 14:36:31.532000,129.06,129.07,6419307,,34591
2022-12-29 14:36:32.037000,129.07,129.09,6446650,,
2022-12-29 14:36:32.560000,129.11,129.12,6455373,,34592
2022-12-29 14:36:33.094000,129.15,129.16,6459671,,34593
2022-12-29 14:36:33.616000,129.14,,6463249,,
2022-12-29 14:36:34.129000,129.1,129.11,6467807,,34594
2022-12-29 14:36:34.653000,129.11,129.12,6479801,,
2022-12-29 14:36:35.159000,129.12,129.13,6486418,,34595
2022-12-29 14:36:35.667000,129.08,129.1,6491493,,
2022-12-29 14:36:36.173000,129.09,,6497364,,34596
2022-12-29 14:36:36.698000,129.08,129.09,6500056,,
2022-12-29 14:36:37.203000,,,6500784,,
2022-12-29 14:36:37.731000,129.09,129.1,6502633,,34597
2022-12-29 14:36:38.263000,129.08,129.09,6503308,,34598
2022-12-29 14:36:38.787000,,129.1,6507449,,
2022-12-29 14:36:39.294000,129.16,129.17,6514065,,34599
2022-12-29 14:36:39.803000,129.13,129.15,6514912,,
2022-12-29 14:36:40.336000,129.14,,6520219,,34600
2022-12-29 14:36:40.843000,129.12,129.13,6527274,,
2022-12-29 14:36:41.372000,,,6537205,,34601
2022-12-29 14:36:41.904000,129.13,129.14,6538512,,
2022-12-29 14:36:42.408000,129.14,129.15,6543710,,34602
2022-12-29 14:36:42.914000,129.13,,6545704,,
2022-12-29 14:36:43.426000,,129.14,6548803,,34603
2022-12-29 14:36:43.933000,129.18,129.19,6572110,,
2022-12-29 14:36:44.461000,129.22,129.23,6583026,,34604
2022-12-29 14:36:44.993000,129.21,129.22,6586522,,
2022-12-29 14:36:45.519000,129.2,,6588967,,34605
2022-12-29 14:36:46.051000,129.18,129.19,6594733,,
2022-12-29 14:36:46.582000,,129.2,6600780,,34606
2022-12-29 14:36:47.088000,129.15,129.16,6606916,,
2022-12-29 14:36:47.617000,129.13,129.15,6612138,,34607
2022-12-29 14:36:48.149000,129.17,129.18,6616890,,34608
2022-12-29 14:36:48.673000,129.15,129.17,6621295,,
2022-12-29 14:36:49.180000,,129.16,6622463,,34609
2022-12-29 14:36:49.708000,129.11,129.12,6632198,,
2022-12-29 14:36:50.215000,129.07,129.08,6641302,,34610
2022-12-29 14:36:50.723000,129.1,129.13,6646386,,
2022-12-29 14:36:51.255000,129.16,129.17,6650334,,34611
2022-12-29 14:36:51.793000,129.11,129.13,6660040,,
2022-12-29 14:36:52.316000,,,6662507,,34612
2022-12-29 14:36:52.822000,129.12,,6664225,,
2022-12-29 14:36:53.326000,129.13,129.15,6671548,,34613
2022-12-29 14:36:53.833000,129.14,129.17,6674017,,
2022-12-29 14:36:54.362000,,129.15,6675769,,34614
2022-12-29 14:36:54.869000,129.11,129.12,6682152,,
2022-12-29 14:36:55.399000,,,6687524,,34615
2022-12-29 14:36:55.905000,129.1,129.11,6690041,,
2022-12-29 14:36:56.434000,,129.12,6692211,,34616
2022-12-29 14:36:56.966000,129.09,129.1,6695647,,
2022-12-29 14:36:57.495000,129.06,129.07,6698011,,34617
2022-12-29 14:36:58.001000,129.04,129.05,6701782,,
2022-12-29 14:36:58.532000,129.03,129.04,6702259,,34618
2022-12-29 14:36:59.038000,,,6705753,,
2022-12-29 14:36:59.566000,129.06,129.08,6712562,,34619
2022-12-29 14:37:00.073000,129.07,,6713815,,
2022-12-29 14:37:00.577000,129.05,129.06,6716294,,34620
2022-12-29 14:37:01.109000,129.07,129.09,6717679,,34621
2022-12-29 14:37:01.634000,129.06,129.08,6721368,,
2022-12-29 14:37:02.140000,129.08,129.1,6729267,,34622
2022-12-29 14:37:02.668000,129.09,,6729758,,
2022-12-29 14:37:03.200000,129.1,129.11,6735777,,34623
2022-12-29 14:37:03.702000,129.08,129.09,6738629,,
2022-12-29 14:37:04.209000,,,6739265,,34624
2022-12-29 14:37:04.716000,,,6740979,,
2022-12-29 14:37:05.235000,,,6743290,,34625
2022-12-29 14:37:05.767000,,,6746618,,
2022-12-29 14:37:06.272000,129.07,,6750179,,34626
2022-12-29 14:37:06.781000,129.06,129.07,6751252,,
2022-12-29 14:37:07.288000,129.04,129.05,6759590,,34627
2022-12-29 14:37:07.823000,129.05,129.06,6767463,,
2022-12-29 14:37:08.356000,129.06,129.08,6770736,,34628
2022-12-29 14:37:08.885000,129.07,,6773051,,
2022-12-29 14:37:09.398000,129.1,129.11,6778974,,34629
2022-12-29 14:37:09.922000,129.09,129.1,6780374,,
2022-12-29 14:37:10.426000,,,6783613,,34630
2022-12-29 14:37:10.958000,,,6789258,,
2022-12-29 14:37:11.487000,,,6791490,,34631
2022-12-29 14:37:12.019000,129.1,129.11,6794369,,
2022-12-29 14:37:12.538000,129.15,129.16,6799600,,34632
2022-12-29 14:37:13.044000,129.19,129.2,6813168,,
2022-12-29 14:37:13.561000,129.2,129.21,6818207,,34633
2022-12-29 14:37:14.066000,129.18,129.19,6827135,,34634
2022-12-29 14:37:14.572000,,,6829370,,
2022-12-29 14:37:15.077000,129.2,129.21,6831778,,34635
2022-12-29 14:37:15.584000,129.19,129.2,6837269,,
2022-12-29 14:37:16.113000,,,6839761,,
2022-12-29 14:37:16.620000,129.18,129.19,6843346,,34636
2022-12-29 14:37:17.148000,,129.2,6846903,,34637
2022-12-29 14:37:17.660000,129.15,129.16,6850960,,
2022-12-29 14:37:18.183000,129.16,129.17,6852366,,
2022-12-29 14:37:18.701000,129.17,129.18,6856348,,34638
2022-12-29 14:37:19.208000,129.13,129.14,6859559,,34639
2022-12-29 14:37:19.720000,129.12,129.13,6861403,,
2022-12-29 14:37:20.227000,,,6866136,,34640
2022-12-29 14:37:20.754000,129.1,129.11,6869047,,
2022-12-29 14:37:21.286000,,,6871393,,34641
2022-12-29 14:37:21.790000,129.08,129.09,6873445,,
2022-12-29 14:37:22.322000,129.12,129.13,6883882,,34642
2022-12-29 14:37:22.846000,129.11,,6884600,,
2022-12-29 14:37:23.378000,129.17,129.18,6900413,,34643
2022-12-29 14:37:23.907000,129.18,129.19,6903597,,
2022-12-29 14:37:24.439000,129.16,129.17,6908803,,34644
2022-12-29 14:37:24.944000,129.18,129.19,6909875,,
2022-12-29 14:37:25.477000,129.19,129.2,6915890,,34645
2022-12-29 14:37:25.984000,,,6918225,,
2022-12-29 14:37:26.493000,129.2,129.22,6925366,,34646
2022-12-29 14:37:27.025000,129.23,129.25,6927254,,
2022-12-29 14:37:27.549000,129.24,,6928683,,34647
2022-12-29 14:37:28.055000,129.26,129.27,6937270,,
2022-12-29 14:37:28.584000,129.25,129.26,6942264,,34648
2022-12-29 14:37:29.091000,129.26,129.28,6946469,,34649
2022-12-29 14:37:29.604000,129.29,129.3,6958082,,
2022-12-29 14:37:30.111000,129.28,129.29,6963534,,
2022-12-29 14:37:30.642000,129.29,129.3,6964849,,34650
2022-12-29 14:37:31.148000,,,6966478,,
2022-12-29 14:37:31.678000,,,6970197,,34651
2022-12-29 14:37:32.211000,129.28,129.29,6978923,,34652
2022-12-29 14:37:32.755000,,,6980544,,
2022-12-29 14:37:33.261000,,,6986300,,34653
2022-12-29 14:37:33.769000,129.25,129.26,6991285,,
2022-12-29 14:37:34.276000,,,6992796,,34654
2022-12-29 14:37:34.806000,129.28,129.29,6999052,,
2022-12-29 14:37:35.319000,,,7002026,,34655
2022-12-29 14:37:35.861000,,,7007189,,
2022-12-29 14:37:36.368000,,,7007962,,34656
2022-12-29 14:37:36.878000,129.3,129.31,7010885,,
2022-12-29 14:37:37.384000,,,7012266,,34657
2022-12-29 14:37:37.892000,,,7016133,,
2022-12-29 14:37:38.398000,129.28,129.29,7020297,,34658
2022-12-29 14:37:38.923000,,129.3,7023091,,
2022-12-29 14:37:39.428000,129.32,129.34,7026285,,34659
2022-12-29 14:37:39.960000,129.34,129.35,7032877,,
2022-12-29 14:37:40.525000,129.32,129.33,7034689,,34660
2022-12-29 14:37:41.032000,129.31,129.32,7039145,,
2022-12-29 14:37:41.594000,,129.33,7041822,,34661
2022-12-29 14:37:42.127000,129.32,,7044359,,
2022-12-29 14:37:42.650000,129.31,129.32,7046139,,34662
2022-12-29 14:37:43.157000,,,7048053,,34663
2022-12-29 14:37:43.686000,129.3,129.31,7051751,,
2022-12-29 14:37:44.193000,129.26,129.28,7055157,,34664
2022-12-29 14:37:44.722000,129.27,,7055818,,
2022-12-29 14:37:45.255000,129.25,129.26,7060827,,34665
2022-12-29 14:37:45.783000,,,7065523,,
2022-12-29 14:37:46.290000,129.22,129.24,7072871,,34666
2022-12-29 14:37:46.819000,129.2,129.21,7087303,,
2022-12-29 14:37:47.341000,129.23,129.25,7094613,,34667
2022-12-29 14:37:47.847000,129.28,129.29,7114771,,
2022-12-29 14:37:48.393000,,129.3,7117757,,34668
2022-12-29 14:37:48.925000,129.27,129.28,7120416,,
2022-12-29 14:37:49.471000,,129.29,7120818,,34669
2022-12-29 14:37:49.982000,,129.28,7131769,,
2022-12-29 14:37:50.507000,,,7136582,,34670
2022-12-29 14:37:51.018000,129.28,129.29,7140178,,
2022-12-29 14:37:51.524000,129.25,129.27,7143579,,34671
2022-12-29 14:37:52.072000,,,7147888,,
2022-12-29 14:37:52.604000,129.24,129.25,7148982,,34672
2022-12-29 14:37:53.109000,,,7149451,,34673
2022-12-29 14:37:53.621000,129.19,129.21,7154324,,
2022-12-29 14:37:54.146000,129.2,,7162670,,34674
2022-12-29 14:37:54.651000,129.19,129.2,7168467,,
2022-12-29 14:37:55.209000,129.18,129.19,7173892,,34675
2022-12-29 14:37:55.747000,129.2,129.22,7178557,,
2022-12-29 14:37:56.270000,129.22,129.23,7193461,,34676
2022-12-29 14:37:56.802000,129.21,,7195395,,
2022-12-29 14:37:57.305000,129.22,,7196632,,
2022-12-29 14:37:57.811000,,129.24,7199875,,34677
2022-12-29 14:37:58.328000,129.23,,7200219,,
2022-12-29 14:37:58.833000,129.24,129.25,7205462,,34678
2022-12-29 14:37:59.374000,129.23,129.24,7209098,,34679
2022-12-29 14:37:59.926000,129.22,129.23,7210983,,
2022-12-29 14:38:00.459000,129.17,129.19,7215427,,34680
2022-12-29 14:38:00.963000,129.16,129.18,7216803,,
2022-12-29 14:38:01.495000,129.22,129.24,7218449,,34681
2022-12-29 14:38:02.025000,129.23,,7219277,,
2022-12-29 14:38:02.538000,129.21,129.23,7222576,,34682
2022-12-29 14:38:03.060000,,,7226904,,
2022-12-29 14:38:03.572000,129.26,129.28,7228857,,34683
2022-12-29 14:38:04.096000,129.28,129.3,7231895,,
2022-12-29 14:38:04.627000,129.27,129.29,7233724,,34684
2022-12-29 14:38:05.155000,129.25,129.27,7235746,,34685
2022-12-29 14:38:05.669000,129.23,129.24,7240504,,
2022-12-29 14:38:06.202000,129.21,129.22,7245787,,34686
2022-12-29 14:38:06.706000,129.2,129.21,7251670,,
2022-12-29 14:38:07.218000,129.19,,7252771,,34687
2022-12-29 14:38:07.722000,129.2,,7254667,,
2022-12-29 14:38:08.247000,129.21,129.23,7260293,,34688
2022-12-29 14:38:08.779000,,,7261289,,
2022-12-29 14:38:09.282000,,129.22,7262018,,34689
2022-12-29 14:38:09.792000,,,7264728,,
2022-12-29 14:38:10.310000,,129.23,7268567,,34690
2022-12-29 14:38:10.830000,129.22,,7269603,,
2022-12-29 14:38:11.369000,,,7271498,,34691
2022-12-29 14:38:11.902000,129.23,129.24,7273884,,
2022-12-29 14:38:12.404000,,,7275224,,34692
2022-12-29 14:38:12.935000,129.22,129.23,7276112,,
2022-12-29 14:38:13.459000,129.23,129.24,7278905,,34693
2022-12-29 14:38:13.970000,129.24,129.25,7280320,,
2022-12-29 14:38:14.477000,129.25,129.27,7285234,,34694
2022-12-29 14:38:15.009000,,,7286690,,
2022-12-29 14:38:15.515000,129.24,129.25,7288413,,34695
2022-12-29 14:38:16.020000,129.28,129.3,7319912,,
2022-12-29 14:38:16.553000,129.31,129.32,7327794,,34696
2022-12-29 14:38:17.065000,129.3,,7333692,,
2022-12-29 14:38:17.589000,,,7334565,,34697
2022-12-29 14:38:18.096000,129.31,,7336164,,
2022-12-29 14:38:18.599000,,,7339006,,34698
2022-12-29 14:38:19.105000,129.3,129.31,7340059,,
2022-12-29 14:38:19.634000,,,7340770,,34699
2022-12-29 14:38:20.146000,,,7343434,,
2022-12-29 14:38:20.670000,,,7345698,,34700
2022-12-29 14:38:21.183000,129.29,,7347837,,34701
2022-12-29 14:38:21.707000,129.3,,7350976,,
2022-12-29 14:38:22.219000,,129.32,7358170,,
2022-12-29 14:38:22.742000,129.33,129.34,7367116,,34702
2022-12-29 14:38:23.275000,,,7368732,,34703
2022-12-29 14:38:23.778000,129.34,129.35,7373285,,
2022-12-29 14:38:24.284000,129.36,129.37,7382842,,34704
2022-12-29 14:38:24.817000,129.37,129.38,7386577,,
2022-12-29 14:38:25.348000,129.38,129.39,7390072,,34705
2022-12-29 14:38:25.858000,,,7390853,,
2022-12-29 14:38:26.391000,129.36,129.37,7394449,,34706
2022-12-29 14:38:26.916000,129.34,129.36,7402343,,
2022-12-29 14:38:27.423000,,129.35,7404438,,34707
2022-12-29 14:38:27.930000,129.32,129.33,7410216,,
2022-12-29 14:38:28.462000,129.3,129.31,7415549,,34708
2022-12-29 14:38:28.966000,,,7418142,,
2022-12-29 14:38:29.471000,,,7421161,,34709
2022-12-29 14:38:30.001000,,,7424143,,
2022-12-29 14:38:30.533000,129.32,129.33,7438738,,34710
2022-12-29 14:38:31.058000,129.35,129.36,7441569,,
2022-12-29 14:38:31.565000,129.36,129.37,7445967,,34711
2022-12-29 14:38:32.074000,,,7449350,,
2022-12-29 14:38:32.581000,129.35,129.36,7453616,,34712
2022-12-29 14:38:33.091000,129.36,129.38,7455501,,
2022-12-29 14:38:33.623000,,129.37,7457770,,34713
2022-12-29 14:38:34.126000,,129.38,7459856,,
2022-12-29 14:38:34.632000,129.41,129.42,7477474,,34714
2022-12-29 14:38:35.136000,129.38,129.39,7482871,,
2022-12-29 14:38:35.641000,,129.4,7487209,,34715
2022-12-29 14:38:36.172000,,129.39,7489153,,
2022-12-29 14:38:36.677000,129.34,129.36,7492714,,34716
2022-12-29 14:38:37.189000,129.33,129.35,7495136,,34717
2022-12-29 14:38:37.706000,129.32,129.34,7496583,,
2022-12-29 14:38:38.212000,129.31,129.32,7503224,,34718
2022-12-29 14:38:38.741000,129.3,,7507194,,
2022-12-29 14:38:39.273000,129.24,129.25,7517346,,34719
2022-12-29 14:38:39.803000,,129.26,7518670,,
2022-12-29 14:38:40.336000,,,7522093,,34720
2022-12-29 14:38:40.865000,129.25,129.27,7524745,,
2022-12-29 14:38:41.372000,129.26,,7527188,,34721
2022-12-29 14:38:41.881000,,,7532565,,
2022-12-29 14:38:42.392000,129.31,129.32,7535867,,34722
2022-12-29 14:38:42.911000,,,7536840,,
2022-12-29 14:38:43.417000,129.35,129.37,7540028,,34723
2022-12-29 14:38:43.946000,129.37,129.38,7542989,,
2022-12-29 14:38:44.458000,129.39,129.4,7544433,,34724
2022-12-29 14:38:44.981000,,,7545456,,
2022-12-29 14:38:45.518000,129.41,129.42,7546704,,34725
2022-12-29 14:38:46.043000,129.4,129.41,7547721,,
2022-12-29 14:38:46.550000,,,7547813,,34726
2022-12-29 14:38:47.085000,129.39,129.4,7553420,,
2022-12-29 14:38:47.629000,129.38,,7556542,,34727
2022-12-29 14:38:48.161000,,,7557333,,
2022-12-29 14:38:48.670000,,129.39,7558338,,34728
2022-12-29 14:38:49.177000,,,7561659,,
2022-12-29 14:38:49.706000,129.33,129.35,7565279,,34729
2022-12-29 14:38:50.212000,129.31,129.32,7567901,,34730
2022-12-29 14:38:50.767000,129.3,129.31,7572389,,
2022-12-29 14:38:51.279000,129.25,129.26,7595360,,34731
2022-12-29 14:38:51.824000,129.24,129.25,7602329,,
2022-12-29 14:38:52.336000,,,7604896,,34732
2022-12-29 14:38:52.879000,129.25,129.27,7609642,,
2022-12-29 14:38:53.412000,129.28,129.29,7615983,,34733
2022-12-29 14:38:53.939000,,129.3,7617648,,
2022-12-29 14:38:54.457000,129.29,,7621164,,34734
2022-12-29 14:38:54.996000,129.27,129.28,7625967,,
2022-12-29 14:38:55.527000,,,7626734,,34735
2022-12-29 14:38:56.037000,129.26,129.27,7631717,,
2022-12-29 14:38:56.569000,,,7632063,,34736
2022-12-29 14:38:57.113000,129.23,129.24,7636605,,
2022-12-29 14:38:57.645000,129.25,129.26,7637523,,34737
2022-12-29 14:38:58.175000,129.22,129.24,7638707,,
2022-12-29 14:38:58.707000,129.23,129.25,7639579,,34738
2022-12-29 14:38:59.231000,,,7643750,,34739
2022-12-29 14:38:59.743000,129.24,,7644737,,
2022-12-29 14:39:00.267000,129.25,129.27,7654526,,34740
2022-12-29 14:39:00.779000,129.23,129.25,7655103,,
2022-12-29 14:39:01.301000,129.22,129.23,7658517,,34741
2022-12-29 14:39:01.833000,129.24,129.26,7663779,,
2022-12-29 14:39:02.372000,129.23,129.24,7666119,,34742
2022-12-29 14:39:02.892000,129.22,129.23,7672281,,
2022-12-29 14:39:03.415000,,,7673717,,34743
2022-12-29 14:39:03.921000,,,7674998,,
2022-12-29 14:39:04.422000,,129.24,7678264,,34744
2022-12-29 14:39:04.937000,129.23,,7680931,,
2022-12-29 14:39:05.481000,129.17,129.18,7699930,,34745
2022-12-29 14:39:06.012000,129.18,129.19,7708127,,
2022-12-29 14:39:06.523000,,129.2,7711946,,34746
2022-12-29 14:39:07.036000,129.2,129.21,7713597,,
2022-12-29 14:39:07.539000,129.18,129.2,7716202,,34747
2022-12-29 14:39:08.045000,,,7722270,,
2022-12-29 14:39:08.556000,129.16,129.18,7724311,,34748
2022-12-29 14:39:09.081000,129.15,129.17,7726577,,
2022-12-29 14:39:09.588000,,129.16,7728197,,34749
2022-12-29 14:39:10.120000,129.13,,7731792,,
2022-12-29 14:39:10.626000,,129.14,7744164,,34750
2022-12-29 14:39:11.131000,129.09,129.1,7756224,,
2022-12-29 14:39:11.661000,129.1,129.11,7761144,,34751
2022-12-29 14:39:12.189000,129.09,129.1,7763553,,
2022-12-29 14:39:12.720000,129.11,129.12,7767319,,34752
2022-12-29 14:39:13.252000,129.1,,7772693,,34753
2022-12-29 14:39:13.782000,,,7774916,,
2022-12-29 14:39:14.314000,129.12,129.14,7778840,,34754
2022-12-29 14:39:14.854000,129.11,129.12,7782330,,
2022-12-29 14:39:15.372000,,,7785559,,34755
2022-12-29 14:39:15.910000,129.12,129.13,7789488,,
2022-12-29 14:39:16.416000,129.13,129.14,7795361,,34756
2022-12-29 14:39:16.919000,129.12,,7796404,,
2022-12-29 14:39:17.431000,129.1,129.11,7800996,,34757
2022-12-29 14:39:17.961000,129.09,,7802445,,
2022-12-29 14:39:18.467000,129.1,129.12,7804920,,34758
2022-12-29 14:39:18.991000,129.09,129.11,7808116,,
2022-12-29 14:39:19.529000,129.06,129.07,7811544,,34759
2022-12-29 14:39:20.074000,129.07,129.08,7814550,,
2022-12-29 14:39:20.581000,129.06,129.07,7816180,,34760
2022-12-29 14:39:21.090000,129.08,129.09,7818523,,
2022-12-29 14:39:21.628000,,129.1,7827794,,34761
2022-12-29 14:39:22.146000,129.09,,7829321,,
2022-12-29 14:39:22.652000,129.07,,7834619,,34762
2022-12-29 14:39:23.166000,129.08,,7835488,,
2022-12-29 14:39:23.672000,129.01,129.03,7847710,,34763
2022-12-29 14:39:24.202000,,129.02,7856395,,
2022-12-29 14:39:24.727000,128.92,128.94,7889356,,34764
2022-12-29 14:39:25.260000,128.94,128.95,7896556,,34765
2022-12-29 14:39:25.765000,128.96,128.98,7910263,,
2022-12-29 14:39:26.277000,129,129.02,7941220,,34766
2022-12-29 14:39:26.781000,128.96,128.98,7947335,,
2022-12-29 14:39:27.287000,128.97,128.99,7950646,,34767
2022-12-29 14:39:27.791000,128.99,129,7954512,,
2022-12-29 14:39:28.362000,,129.01,7958627,,34768
2022-12-29 14:39:28.871000,129.03,129.04,7963456,,
2022-12-29 14:39:29.402000,,,7964565,,34769
2022-12-29 14:39:29.940000,129.04,129.06,7977589,,
2022-12-29 14:39:30.480000,129.03,129.05,7984793,,34770
2022-12-29 14:39:31.012000,129.04,,7988421,,
2022-12-29 14:39:31.542000,,129.06,7991364,,34771
2022-12-29 14:39:32.081000,,129.05,7994262,,
2022-12-29 14:39:32.595000,,129.07,7995082,,34772
2022-12-29 14:39:33.127000,,129.06,8002450,,
2022-12-29 14:39:33.672000,129.03,129.04,8004824,,34773
2022-12-29 14:39:34.210000,129.01,129.02,8013133,,
2022-12-29 14:39:34.729000,129.02,129.04,8019166,,34774
2022-12-29 14:39:35.298000,129.04,129.05,8020347,,34775
2022-12-29 14:39:35.811000,,,8020496,,
2022-12-29 14:39:36.334000,,,8022184,,34776
2022-12-29 14:39:36.868000,,,8025463,,
2022-12-29 14:39:37.395000,129.03,129.04,8026246,,34777
2022-12-29 14:39:37.901000,,,8026611,,
2022-12-29 14:39:38.431000,129.01,129.03,8030236,,34778
2022-12-29 14:39:38.938000,129,129.01,8035181,,
2022-12-29 14:39:39.443000,129.01,129.02,8037628,,34779
2022-12-29 14:39:39.948000,129.02,129.03,8040151,,
2022-12-29 14:39:40.481000,129.01,129.02,8041119,,34780
2022-12-29 14:39:41.000000,,,8042519,,
2022-12-29 14:39:41.533000,,129.03,8043633,,34781
2022-12-29 14:39:42.061000,129.02,129.04,8045239,,
2022-12-29 14:39:42.567000,129.01,129.03,8045275,,34782
2022-12-29 14:39:43.078000,,129.02,8050004,,
2022-12-29 14:39:43.583000,,,8054200,,34783
2022-12-29 14:39:44.127000,,129.03,8056861,,
2022-12-29 14:39:44.666000,129,129.01,8065930,,34784
2022-12-29 14:39:45.173000,,129.02,8066167,,
2022-12-29 14:39:45.682000,129.01,,8067327,,34785
2022-12-29 14:39:46.189000,,,8067623,,
2022-12-29 14:39:46.702000,,,8067965,,34786
2022-12-29 14:39:47.233000,,,8079064,,34787
2022-12-29 14:39:47.736000,,,8082977,,
2022-12-29 14:39:48.268000,,,8083771,,34788
2022-12-29 14:39:48.784000,128.94,128.96,8092458,,
2022-12-29 14:39:49.290000,,,8098326,,34789
2022-12-29 14:39:49.794000,128.98,128.99,8100129,,
2022-12-29 14:39:50.300000,,,8101710,,34790
2022-12-29 14:39:50.819000,128.99,129,8106658,,
2022-12-29 14:39:51.325000,129.02,129.03,8108642,,34791
2022-12-29 14:39:51.885000,128.99,129.01,8114460,,
2022-12-29 14:39:52.400000,,129,8121562,,34792
2022-12-29 14:39:52.907000,128.98,,8126241,,
2022-12-29 14:39:53.436000,,128.99,8127005,,34793
2022-12-29 14:39:53.959000,,,8129718,,
2022-12-29 14:39:54.491000,,,8130105,,34794
2022-12-29 14:39:55.024000,128.96,128.97,8131853,,
2022-12-29 14:39:55.543000,128.93,128.94,8133084,,34795
2022-12-29 14:39:56.080000,,,8150240,,
2022-12-29 14:39:56.613000,128.95,128.96,8153448,,34796
2022-12-29 14:39:57.115000,,,8154065,,
2022-12-29 14:39:57.621000,128.94,128.95,8155716,,34797
2022-12-29 14:39:58.158000,128.93,128.94,8156569,,
2022-12-29 14:39:58.670000,,,8158500,,34798
2022-12-29 14:39:59.189000,128.91,128.92,8161549,,
2022-12-29 14:39:59.707000,128.93,128.95,8170302,,34799
2022-12-29 14:40:00.252000,128.94,,8173711,,34800
2022-12-29 14:40:00.792000,128.97,128.98,8176282,,
2022-12-29 14:40:01.294000,128.99,129,8182248,,34801
2022-12-29 14:40:01.825000,128.97,128.98,8195422,,
2022-12-29 14:40:02.357000,128.98,129,8199031,,34802
2022-12-29 14:40:02.887000,129.01,129.02,8201282,,
2022-12-29 14:40:03.393000,,,8204788,,34803
2022-12-29 14:40:03.907000,129.04,129.05,8214189,,
2022-12-29 14:40:04.431000,,,8216732,,34804
2022-12-29 14:40:04.968000,129.05,129.06,8219037,,
2022-12-29 14:40:05.478000,,,8221431,,34805
2022-12-29 14:40:05.990000,,,8226401,,
2022-12-29 14:40:06.517000,129.06,129.08,8231668,,34806
2022-12-29 14:40:07.026000,129.07,129.09,8232960,,
2022-12-29 14:40:07.530000,129.1,129.11,8237648,,34807
2022-12-29 14:40:08.063000,129.16,129.18,8248659,,
2022-12-29 14:40:08.570000,,,8253745,,34808
2022-12-29 14:40:09.088000,129.17,,8255606,,
2022-12-29 14:40:09.611000,129.16,,8262012,,34809
2022-12-29 14:40:10.118000,129.15,129.16,8265755,,
2022-12-29 14:40:10.650000,129.16,129.17,8266600,,34810
2022-12-29 14:40:11.156000,129.15,129.16,8269423,,
2022-12-29 14:40:11.678000,,,8269810,,34811
2022-12-29 14:40:12.216000,129.17,129.19,8281664,,
2022-12-29 14:40:12.721000,129.18,,8283831,,34812
2022-12-29 14:40:13.249000,,,8287361,,34813
2022-12-29 14:40:13.782000,,,8288105,,
2022-12-29 14:40:14.311000,,129.2,8293272,,34814
2022-12-29 14:40:14.817000,,,8294891,,
2022-12-29 14:40:15.347000,,,8299363,,34815
2022-12-29 14:40:15.855000,,,8306378,,
2022-12-29 14:40:16.383000,129.19,,8307691,,34816
2022-12-29 14:40:16.921000,129.18,129.19,8310590,,
2022-12-29 14:40:17.455000,,,8313052,,34817
2022-12-29 14:40:17.961000,,,8313984,,
2022-12-29 14:40:18.492000,,,8318983,,34818
2022-12-29 14:40:19.003000,129.19,129.21,8320742,,
2022-12-29 14:40:19.506000,,129.2,8321622,,34819
2022-12-29 14:40:20.012000,,129.21,8327348,,
2022-12-29 14:40:20.535000,,,8336461,,34820
2022-12-29 14:40:21.068000,129.2,129.22,8341888,,
2022-12-29 14:40:21.592000,129.24,129.25,8342775,,34821
2022-12-29 14:40:22.100000,129.29,129.3,8361929,,
2022-12-29 14:40:22.627000,,,8363397,,34822
2022-12-29 14:40:23.154000,129.28,,8366770,,
2022-12-29 14:40:23.661000,,,8367233,,34823
2022-12-29 14:40:24.190000,,129.29,8369004,,
2022-12-29 14:40:24.717000,129.25,129.27,8376394,,34824
2022-12-29 14:40:25.249000,129.23,129.24,8382348,,34825
2022-12-29 14:40:25.773000,129.28,129.3,8387613,,
2022-12-29 14:40:26.280000,129.3,129.32,8390204,,34826
2022-12-29 14:40:26.809000,129.29,129.31,8391268,,
2022-12-29 14:40:27.315000,,129.3,8392213,,34827
2022-12-29 14:40:27.822000,,,8394448,,
2022-12-29 14:40:28.329000,,,8396798,,34828
2022-12-29 14:40:28.847000,,,8398389,,
2022-12-29 14:40:29.386000,,,8399785,,34829
2022-12-29 14:40:29.900000,129.28,129.29,8403608,,
2022-12-29 14:40:30.412000,129.27,,8404267,,34830
2022-12-29 14:40:30.918000,,,8408200,,
2022-12-29 14:40:31.428000,,129.28,8409395,,34831
2022-12-29 14:40:31.972000,129.26,129.27,8411258,,
2022-12-29 14:40:32.489000,,,8414485,,34832
2022-12-29 14:40:33.022000,,,8416728,,
2022-12-29 14:40:33.538000,,,8416996,,34833
2022-12-29 14:40:34.051000,,,8418258,,
2022-12-29 14:40:34.574000,,,8422416,,34834
2022-12-29 14:40:35.112000,129.25,129.26,8424162,,
2022-12-29 14:40:35.636000,,,8427471,,34835
2022-12-29 14:40:36.159000,,129.27,8434219,,
2022-12-29 14:40:36.666000,129.26,129.28,8439387,,34836
2022-12-29 14:40:37.173000,129.28,129.29,8442602,,
2022-12-29 14:40:37.695000,129.3,129.31,8446239,,34837
2022-12-29 14:40:38.214000,129.34,129.35,8450038,,
2022-12-29 14:40:38.715000,129.33,,8451198,,34838
2022-12-29 14:40:39.247000,,,8455982,,34839
2022-12-29 14:40:39.770000,,,8457525,,
2022-12-29 14:40:40.277000,129.34,,8458679,,34840
2022-12-29 14:40:40.808000,129.37,129.38,8463315,,
2022-12-29 14:40:41.341000,,,8463610,,
2022-12-29 14:40:41.845000,129.38,129.39,8464658,,34841
2022-12-29 14:40:42.351000,129.39,129.4,8465780,,34842
2022-12-29 14:40:42.879000,,,8467757,,
2022-12-29 14:40:43.422000,129.4,129.41,8476041,,34843
2022-12-29 14:40:43.929000,,,8478483,,
2022-12-29 14:40:44.459000,129.39,,8483004,,34844
2022-12-29 14:40:44.990000,,129.4,8497701,,
2022-12-29 14:40:45.531000,129.4,129.41,8500984,,34845
2022-12-29 14:40:46.063000,,,8503251,,
2022-12-29 14:40:46.568000,129.39,129.4,8508934,,34846
2022-12-29 14:40:47.101000,,,8511216,,
2022-12-29 14:40:47.603000,,,8521380,,34847
2022-12-29 14:40:48.135000,,,8522184,,
2022-12-29 14:40:48.689000,,,8534085,,34848
2022-12-29 14:40:49.196000,,,8539836,,
2022-12-29 14:40:49.725000,,,8543570,,34849
2022-12-29 14:40:50.237000,129.4,129.41,8545062,,
2022-12-29 14:40:50.761000,129.39,129.4,8550435,,34850
2022-12-29 14:40:51.288000,,129.41,8554733,,34851
2022-12-29 14:40:51.821000,129.4,,8554810,,
2022-12-29 14:40:52.344000,129.39,,8558078,,34852
2022-12-29 14:40:52.856000,,,8560154,,
2022-12-29 14:40:53.379000,129.4,129.42,8564199,,34853
2022-12-29 14:40:53.886000,,129.41,8565172,,
2022-12-29 14:40:54.395000,129.41,129.43,8570423,,34854
2022-12-29 14:40:54.927000,,,8571515,,
2022-12-29 14:40:55.490000,129.43,129.44,8574099,,34855
2022-12-29 14:40:56.029000,,,8580318,,
2022-12-29 14:40:56.553000,129.5,129.51,8637345,,34856
2022-12-29 14:40:57.087000,,,8643358,,
2022-12-29 14:40:57.626000,,,8648706,,34857
2022-12-29 14:40:58.160000,129.49,129.5,8661462,,
2022-12-29 14:40:58.667000,129.48,129.49,8663660,,34858
2022-12-29 14:40:59.195000,129.47,129.48,8666922,,
2022-12-29 14:40:59.701000,129.48,129.49,8669532,,34859
2022-12-29 14:41:00.205000,,,8671551,,
2022-12-29 14:41:00.723000,,,8675710,,34860
2022-12-29 14:41:01.241000,129.46,129.47,8677972,,
2022-12-29 14:41:01.774000,129.47,129.49,8680730,,34861
2022-12-29 14:41:02.277000,129.48,,8683030,,34862
2022-12-29 14:41:02.821000,129.46,129.47,8688496,,
2022-12-29 14:41:03.329000,129.44,129.45,8717867,,34863
2022-12-29 14:41:03.882000,129.42,129.43,8721749,,
2022-12-29 14:41:04.406000,129.41,,8724438,,34864
2022-12-29 14:41:04.940000,129.37,129.38,8738415,,
2022-12-29 14:41:05.453000,129.38,129.39,8742327,,34865
2022-12-29 14:41:05.977000,129.4,129.42,8746553,,
2022-12-29 14:41:06.485000,129.41,,8748184,,34866
2022-12-29 14:41:07.013000,129.42,129.43,8756941,,
2022-12-29 14:41:07.546000,129.39,129.41,8764542,,34867
2022-12-29 14:41:08.048000,129.42,129.43,8768698,,
2022-12-29 14:41:08.597000,,129.44,8771983,,34868
2022-12-29 14:41:09.102000,129.43,,8774946,,
2022-12-29 14:41:09.638000,129.44,129.45,8779716,,34869
2022-12-29 14:41:10.166000,129.41,129.43,8781997,,
2022-12-29 14:41:10.700000,129.42,129.44,8785017,,34870
2022-12-29 14:41:11.222000,129.41,129.42,8788520,,
2022-12-29 14:41:11.729000,129.4,129.41,8790826,,34871
2022-12-29 14:41:12.241000,129.41,129.42,8791946,,
2022-12-29 14:41:12.774000,129.42,129.44,8796140,,34872
2022-12-29 14:41:13.300000,129.41,129.42,8802548,,34873
2022-12-29 14:41:13.839000,,,8807569,,
2022-12-29 14:41:14.357000,129.39,129.4,8810045,,34874
2022-12-29 14:41:14.864000,129.41,129.42,8811053,,
2022-12-29 14:41:15.392000,,,8811395,,34875
2022-12-29 14:41:15.899000,129.42,129.43,8815022,,
2022-12-29 14:41:16.429000,129.43,129.44,8817066,,34876
2022-12-29 14:41:16.937000,,129.45,8822730,,
2022-12-29 14:41:17.470000,,,8824323,,34877
2022-12-29 14:41:17.977000,,,8826202,,
2022-12-29 14:41:18.507000,,,8828132,,34878
2022-12-29 14:41:19.039000,129.44,,8829707,,
2022-12-29 14:41:19.570000,,,8834621,,34879
2022-12-29 14:41:20.076000,,,8838199,,
2022-12-29 14:41:20.585000,129.43,129.46,8839130,,34880
2022-12-29 14:41:21.118000,,129.44,8845432,,
2022-12-29 14:41:21.643000,129.44,129.46,8846970,,34881
2022-12-29 14:41:22.150000,129.45,,8850411,,
2022-12-29 14:41:22.658000,129.44,,8851835,,34882
2022-12-29 14:41:23.164000,129.45,,8852700,,
2022-12-29 14:41:23.668000,129.46,129.47,8858530,,34883
2022-12-29 14:41:24.175000,,,8859611,,
2022-12-29 14:41:24.678000,,,8863026,,34884
2022-12-29 14:41:25.184000,129.44,129.45,8865376,,
2022-12-29 14:41:25.712000,129.43,129.44,8873371,,34885
2022-12-29 14:41:26.245000,129.42,129.43,8875814,,
2022-12-29 14:41:26.773000,129.43,129.44,8892522,,34886
2022-12-29 14:41:27.280000,,,8895196,,34887
2022-12-29 14:41:27.809000,129.45,129.47,8901590,,
2022-12-29 14:41:28.316000,,,8903595,,34888
2022-12-29 14:41:28.844000,,,8904804,,
2022-12-29 14:41:29.351000,129.46,,8906960,,34889
2022-12-29 14:41:29.872000,129.47,129.48,8909471,,
2022-12-29 14:41:30.379000,129.48,129.49,8909912,,34890
2022-12-29 14:41:30.911000,129.49,129.5,8914086,,
2022-12-29 14:41:31.419000,,,8916110,,34891
2022-12-29 14:41:31.925000,129.51,129.52,8928666,,
2022-12-29 14:41:32.457000,,,8933051,,34892
2022-12-29 14:41:32.968000,,,8934502,,
2022-12-29 14:41:33.504000,,,8935806,,
2022-12-29 14:41:34.027000,,,8940290,,34893
2022-12-29 14:41:34.533000,129.5,129.51,8944531,,34894
2022-12-29 14:41:35.063000,,,8945858,,
2022-12-29 14:41:35.596000,,,8948675,,34895
2022-12-29 14:41:36.120000,129.49,129.5,8951868,,
2022-12-29 14:41:36.650000,,,8953777,,34896
2022-12-29 14:41:37.182000,129.46,129.47,8957829,,
2022-12-29 14:41:37.704000,129.45,129.46,8959618,,34897
2022-12-29 14:41:38.211000,,,8961950,,
2022-12-29 14:41:38.723000,,,8965843,,34898
2022-12-29 14:41:39.230000,129.48,129.49,8968440,,
2022-12-29 14:41:39.745000,,,8971974,,34899
2022-12-29 14:41:40.252000,,,8972736,,
2022-12-29 14:41:40.768000,,,8974763,,34900
2022-12-29 14:41:41.301000,129.47,129.48,8980851,,34901
2022-12-29 14:41:41.808000,,,8981066,,
2022-12-29 14:41:42.315000,,,8981531,,
2022-12-29 14:41:42.837000,,,8984024,,34902
2022-12-29 14:41:43.344000,129.48,129.49,8987666,,34903
2022-12-29 14:41:43.854000,129.5,129.51,8989412,,
2022-12-29 14:41:44.387000,129.55,129.57,9011406,,34904
2022-12-29 14:41:44.911000,129.56,,9013366,,
2022-12-29 14:41:45.417000,,,9016064,,34905
2022-12-29 14:41:45.936000,,,9021988,,
2022-12-29 14:41:46.458000,129.59,129.6,9027136,,34906
2022-12-29 14:41:46.970000,129.58,,9031766,,
2022-12-29 14:41:47.494000,,,9035206,,34907
2022-12-29 14:41:48.063000,,129.59,9040452,,
2022-12-29 14:41:48.596000,129.59,129.6,9045975,,34908
2022-12-29 14:41:49.126000,,,9058391,,
2022-12-29 14:41:49.633000,,,9062315,,34909
2022-12-29 14:41:50.166000,129.58,,9064963,,
2022-12-29 14:41:50.678000,,129.59,9072904,,34910
2022-12-29 14:41:51.201000,,,9077953,,
2022-12-29 14:41:51.740000,,,9079658,,34911
2022-12-29 14:41:52.264000,,,9081948,,
2022-12-29 14:41:52.796000,129.59,129.6,9086030,,34912
2022-12-29 14:41:53.319000,129.58,,9089302,,34913
2022-12-29 14:41:53.826000,,129.59,9090001,,
2022-12-29 14:41:54.328000,,129.6,9090841,,34914
2022-12-29 14:41:54.836000,,,9095664,,
2022-12-29 14:41:55.341000,,,9098333,,34915
2022-12-29 14:41:55.849000,,,9098919,,
2022-12-29 14:41:56.403000,,129.59,9100462,,34916
2022-12-29 14:41:56.936000,,,9106681,,
2022-12-29 14:41:57.490000,,,9110438,,34917
2022-12-29 14:41:58.010000,129.59,129.61,9115408,,
2022-12-29 14:41:58.526000,129.61,129.63,9117655,,34918
2022-12-29 14:41:59.040000,129.65,129.66,9123846,,
2022-12-29 14:41:59.583000,129.64,,9128076,,34919
2022-12-29 14:42:00.116000,129.61,129.62,9132595,,34920
2022-12-29 14:42:00.654000,129.58,129.6,9141373,,
2022-12-29 14:42:01.161000,129.59,,9144039,,
2022-12-29 14:42:01.689000,129.61,129.62,9146635,,34921
2022-12-29 14:42:02.195000,129.57,129.59,9150565,,
2022-12-29 14:42:02.706000,,,9151058,,34922
2022-12-29 14:42:03.239000,129.58,,9154231,,
2022-12-29 14:42:03.740000,,,9156034,,34923
2022-12-29 14:42:04.252000,129.59,129.62,9158191,,
2022-12-29 14:42:04.777000,129.58,129.59,9161451,,34924
2022-12-29 14:42:05.315000,129.57,,9165479,,34925
2022-12-29 14:42:05.858000,129.56,129.57,9171609,,
2022-12-29 14:42:06.403000,129.57,129.59,9174098,,34926
2022-12-29 14:42:06.912000,129.56,,9174453,,
2022-12-29 14:42:07.439000,129.58,,9178542,,34927
2022-12-29 14:42:07.972000,129.6,129.62,9181872,,
2022-12-29 14:42:08.475000,129.64,129.66,9187875,,34928
2022-12-29 14:42:08.981000,,129.65,9190116,,
2022-12-29 14:42:09.536000,129.63,129.64,9199686,,34929
2022-12-29 14:42:10.045000,,,9202460,,
2022-12-29 14:42:10.553000,129.62,129.63,9204407,,34930
2022-12-29 14:42:11.087000,129.61,,9204993,,
2022-12-29 14:42:11.594000,129.62,,9210465,,34931
2022-12-29 14:42:12.123000,129.64,129.66,9212100,,34932
2022-12-29 14:42:12.630000,129.65,,9213414,,
2022-12-29 14:42:13.159000,129.64,129.65,9216814,,
2022-12-29 14:42:13.665000,129.63,129.64,9218267,,34933
2022-12-29 14:42:14.212000,,,9219583,,
2022-12-29 14:42:14.744000,,,9220282,,34934
2022-12-29 14:42:15.273000,129.64,129.66,9221663,,
2022-12-29 14:42:15.786000,129.63,129.65,9225602,,34935
2022-12-29 14:42:16.330000,,129.64,9226761,,34936
2022-12-29 14:42:16.862000,,,9230636,,
2022-12-29 14:42:17.392000,,,9231327,,34937
2022-12-29 14:42:17.929000,129.62,129.63,9232280,,
2022-12-29 14:42:18.461000,,129.64,9233797,,34938
2022-12-29 14:42:18.970000,,129.63,9234543,,
2022-12-29 14:42:19.501000,129.64,129.65,9240311,,34939
2022-12-29 14:42:20.004000,,,9240827,,
2022-12-29 14:42:20.510000,129.65,129.67,9245812,,34940
2022-12-29 14:42:21.040000,129.64,129.66,9248281,,
2022-12-29 14:42:21.547000,129.61,129.62,9253427,,34941
2022-12-29 14:42:22.081000,129.6,129.61,9255597,,
2022-12-29 14:42:22.617000,129.58,129.6,9264744,,34942
2022-12-29 14:42:23.125000,,,9268525,,34943
2022-12-29 14:42:23.652000,129.57,,9281014,,
2022-12-29 14:42:24.163000,,129.58,9282459,,
2022-12-29 14:42:24.709000,129.53,129.54,9288952,,34944
2022-12-29 14:42:25.228000,129.55,129.56,9295941,,
2022-12-29 14:42:25.735000,129.56,129.58,9302784,,34945
2022-12-29 14:42:26.268000,,,9305853,,
2022-12-29 14:42:26.817000,129.51,129.52,9317392,,34946
2022-12-29 14:42:27.349000,129.52,129.53,9319461,,34947
2022-12-29 14:42:27.878000,129.53,129.54,9321517,,
2022-12-29 14:42:28.385000,129.52,129.53,9324645,,34948
2022-12-29 14:42:28.887000,,129.54,9326549,,
2022-12-29 14:42:29.400000,,,9327639,,34949
2022-12-29 14:42:29.923000,,129.53,9329671,,
2022-12-29 14:42:30.445000,129.53,129.54,9330189,,
2022-12-29 14:42:30.978000,129.52,129.53,9339548,,34950
2022-12-29 14:42:31.506000,129.51,129.52,9345533,,34951
2022-12-29 14:42:32.012000,129.53,129.54,9348544,,
2022-12-29 14:42:32.541000,129.56,129.58,9354212,,34952
2022-12-29 14:42:33.044000,129.54,129.56,9357426,,34953
2022-12-29 14:42:33.577000,,,9359005,,
2022-12-29 14:42:34.079000,,129.55,9359473,,
2022-12-29 14:42:34.590000,129.52,129.53,9361299,,34954
2022-12-29 14:42:35.115000,129.54,129.55,9363319,,34955
2022-12-29 14:42:35.620000,129.51,129.52,9385373,,
2022-12-29 14:42:36.143000,129.48,129.5,9396428,,
2022-12-29 14:42:36.685000,,,9398314,,34956
2022-12-29 14:42:37.226000,129.51,129.52,9404757,,34957
2022-12-29 14:42:37.774000,129.53,129.54,9406796,,
2022-12-29 14:42:38.297000,129.55,129.56,9409416,,34958
2022-12-29 14:42:38.828000,,,9412011,,
2022-12-29 14:42:39.334000,,129.57,9412912,,34959
2022-12-29 14:42:39.845000,,,9413396,,
2022-12-29 14:42:40.383000,,,9415259,,34960
2022-12-29 14:42:40.890000,,129.56,9415903,,
2022-12-29 14:42:41.399000,,129.57,9417497,,34961
2022-12-29 14:42:41.932000,,,9419359,,
2022-12-29 14:42:42.455000,,,9420546,,34962
2022-12-29 14:42:42.988000,,,9420603,,
2022-12-29 14:42:43.516000,129.56,,9423540,,34963
2022-12-29 14:42:44.023000,,129.58,9424709,,
2022-12-29 14:42:44.526000,,,9427285,,34964
2022-12-29 14:42:45.032000,,,9427982,,
2022-12-29 14:42:45.563000,129.58,129.59,9434614,,34965
2022-12-29 14:42:46.080000,129.57,129.58,9436805,,34966
2022-12-29 14:42:46.598000,129.58,129.59,9438742,,
2022-12-29 14:42:47.135000,,129.6,9441339,,
2022-12-29 14:42:47.642000,129.59,,9442497,,34967
2022-12-29 14:42:48.144000,129.61,129.62,9451080,,34968
2022-12-29 14:42:48.676000,129.63,129.64,9452965,,
2022-12-29 14:42:49.180000,,,9454504,,
2022-12-29 14:42:49.713000,129.64,129.65,9457955,,34969
2022-12-29 14:42:50.242000,129.65,129.67,9466177,,
2022-12-29 14:42:50.775000,,,9467043,,34970
2022-12-29 14:42:51.279000,129.66,,9472790,,
2022-12-29 14:42:51.786000,129.69,129.7,9478546,,34971
2022-12-29 14:42:52.293000,,129.71,9491454,,
2022-12-29 14:42:52.827000,129.7,,9500888,,34972
2022-12-29 14:42:53.349000,,129.72,9503650,,34973
2022-12-29 14:42:53.868000,129.71,,9507172,,
2022-12-29 14:42:54.406000,129.72,129.73,9512797,,34974
2022-12-29 14:42:54.913000,,,9513857,,
2022-12-29 14:42:55.481000,,,9520085,,34975
2022-12-29 14:42:55.985000,,129.74,9530390,,
2022-12-29 14:42:56.498000,,129.73,9531737,,34976
2022-12-29 14:42:57.046000,,,9532942,,
2022-12-29 14:42:57.559000,129.71,129.72,9539907,,34977
2022-12-29 14:42:58.103000,129.72,129.73,9550360,,34978
2022-12-29 14:42:58.635000,,,9554955,,
2022-12-29 14:42:59.144000,,,9559237,,34979
2022-12-29 14:42:59.656000,129.73,129.74,9559933,,
2022-12-29 14:43:00.184000,,,9564333,,34980
2022-12-29 14:43:00.690000,,,9572516,,
2022-12-29 14:43:01.226000,,,9580861,,34981
2022-12-29 14:43:01.733000,,,9581835,,
2022-12-29 14:43:02.257000,129.74,129.75,9587225,,34982
2022-12-29 14:43:02.766000,129.76,129.77,9598305,,
2022-12-29 14:43:03.295000,,,9599917,,
2022-12-29 14:43:03.828000,129.74,129.76,9605327,,34983
2022-12-29 14:43:04.338000,,,9610869,,34984
2022-12-29 14:43:04.862000,129.76,129.77,9613295,,
2022-12-29 14:43:05.394000,129.74,129.75,9614430,,34985
2022-12-29 14:43:05.926000,,129.76,9621440,,
2022-12-29 14:43:06.431000,129.75,,9622771,,34986
2022-12-29 14:43:06.944000,129.74,,9629492,,
2022-12-29 14:43:07.489000,129.7,129.71,9644366,,34987
2022-12-29 14:43:07.996000,,,9648962,,
2022-12-29 14:43:08.504000,129.71,129.73,9654990,,34988
2022-12-29 14:43:09.011000,129.74,129.75,9662757,,
2022-12-29 14:43:09.522000,,,9670405,,34989
2022-12-29 14:43:10.048000,,,9670896,,
2022-12-29 14:43:10.580000,129.72,129.73,9679354,,34990
2022-12-29 14:43:11.109000,,,9681452,,
2022-12-29 14:43:11.642000,129.71,,9690173,,34991
2022-12-29 14:43:12.145000,,129.72,9690924,,
2022-12-29 14:43:12.682000,129.72,129.73,9694717,,34992
2022-12-29 14:43:13.219000,,,9699114,,34993
2022-12-29 14:43:13.764000,,,9707031,,
2022-12-29 14:43:14.268000,,,9708124,,34994
2022-12-29 14:43:14.776000,,,9709323,,
2022-12-29 14:43:15.305000,,,9710004,,34995
2022-12-29 14:43:15.812000,,,9710545,,
2022-12-29 14:43:16.341000,129.74,129.75,9716755,,34996
2022-12-29 14:43:16.847000,,,9717551,,
2022-12-29 14:43:17.870000,129.75,129.76,9720868,,34997
2022-12-29 14:43:18.403000,,129.77,9723511,,34998
2022-12-29 14:43:18.907000,129.76,,9728817,,
2022-12-29 14:43:19.413000,,,9729347,,34999
2022-12-29 14:43:19.916000,,,9736817,,
2022-12-29 14:43:20.424000,,,9738322,,35000
2022-12-29 14:43:20.930000,129.75,129.76,9738950,,
2022-12-29 14:43:21.436000,129.76,129.77,9739239,,35001
2022-12-29 14:43:21.967000,,,9740366,,
2022-12-29 14:43:22.472000,129.75,129.76,9741270,,35002
2022-12-29 14:43:22.976000,,,9744333,,
2022-12-29 14:43:23.510000,129.72,129.73,9748247,,35003
2022-12-29 14:43:24.043000,129.71,,9751634,,
2022-12-29 14:43:24.550000,,129.72,9752061,,35004
2022-12-29 14:43:25.074000,129.7,129.71,9754153,,35005
2022-12-29 14:43:25.606000,129.67,129.68,9762037,,
2022-12-29 14:43:26.150000,129.66,129.67,9766743,,35006
2022-12-29 14:43:26.673000,129.65,,9768329,,
2022-12-29 14:43:27.179000,129.63,129.64,9772773,,
2022-12-29 14:43:27.704000,129.66,129.67,9774837,,35007
2022-12-29 14:43:28.246000,129.65,129.66,9778433,,35008
2022-12-29 14:43:28.785000,129.64,129.65,9781965,,
2022-12-29 14:43:29.308000,,,9782143,,
2022-12-29 14:43:29.847000,129.65,129.66,9787477,,35009
2022-12-29 14:43:30.364000,129.64,129.65,9788612,,35010
2022-12-29 14:43:30.896000,,,9789593,,
2022-12-29 14:43:31.426000,,,9790447,,
2022-12-29 14:43:31.933000,,,9791298,,35011
2022-12-29 14:43:32.436000,,,9797319,,35012
2022-12-29 14:43:32.969000,,,9802979,,
2022-12-29 14:43:33.473000,,,9805364,,35013
2022-12-29 14:43:33.983000,,,9807433,,
2022-12-29 14:43:34.507000,129.66,129.67,9811796,,35014
2022-12-29 14:43:35.039000,129.69,129.7,9817739,,
2022-12-29 14:43:35.570000,129.67,129.69,9819268,,35015
2022-12-29 14:43:36.079000,,129.68,9819616,,
2022-12-29 14:43:36.616000,,,9821106,,35016
2022-12-29 14:43:37.123000,,,9822266,,35017
2022-12-29 14:43:37.651000,,,9824130,,
2022-12-29 14:43:38.157000,,,9824620,,
2022-12-29 14:43:38.686000,,,9828305,,35018
2022-12-29 14:43:39.193000,,,9829050,,35019
2022-12-29 14:43:39.723000,129.65,129.66,9833251,,
2022-12-29 14:43:40.228000,129.67,129.68,9834434,,35020
2022-12-29 14:43:40.758000,129.66,,9835640,,
2022-12-29 14:43:41.265000,,129.67,9836906,,35021
2022-12-29 14:43:41.806000,129.67,129.68,9838575,,
2022-12-29 14:43:42.312000,,,9839142,,35022
2022-12-29 14:43:42.817000,129.65,129.67,9842026,,
2022-12-29 14:43:43.323000,,,9843406,,35023
2022-12-29 14:43:43.854000,,129.66,9844725,,
2022-12-29 14:43:44.387000,,,9845779,,35024
2022-12-29 14:43:44.915000,129.66,129.67,9847449,,
2022-12-29 14:43:45.443000,129.65,129.66,9848588,,35025
2022-12-29 14:43:45.976000,129.62,129.63,9850841,,
2022-12-29 14:43:46.504000,,,9851124,,35026
2022-12-29 14:43:47.041000,129.61,129.62,9854094,,
2022-12-29 14:43:47.548000,,,9855537,,35027
2022-12-29 14:43:48.074000,129.62,129.63,9864054,,
2022-12-29 14:43:48.581000,,,9869511,,35028
2022-12-29 14:43:49.091000,129.63,129.65,9872139,,35029
2022-12-29 14:43:49.623000,129.62,129.63,9874116,,
2022-12-29 14:43:50.146000,129.61,,9876388,,35030
2022-12-29 14:43:50.679000,,,9876750,,
2022-12-29 14:43:51.209000,,,9877974,,
2022-12-29 14:43:51.715000,129.62,,9879287,,35031
2022-12-29 14:43:52.245000,,,9879564,,
2022-12-29 14:43:52.753000,,,9884968,,35032
2022-12-29 14:43:53.272000,129.6,129.62,9885389,,35033
2022-12-29 14:43:53.784000,129.57,129.58,9889861,,
2022-12-29 14:43:54.309000,,,9891382,,35034
2022-12-29 14:43:54.840000,129.61,129.63,9895901,,
2022-12-29 14:43:55.346000,129.63,129.64,9901916,,35035
2022-12-29 14:43:55.879000,129.65,129.66,9906181,,
2022-12-29 14:43:56.401000,129.66,129.67,9908745,,35036
2022-12-29 14:43:56.908000,129.67,129.69,9915595,,
2022-12-29 14:43:57.438000,129.62,129.64,9920052,,35037
2022-12-29 14:43:57.971000,129.63,,9921250,,
2022-12-29 14:43:58.499000,,,9921562,,35038
2022-12-29 14:43:59.032000,129.64,129.65,9924412,,
2022-12-29 14:43:59.577000,129.63,129.64,9924876,,35039
2022-12-29 14:44:00.110000,,,9924998,,35040
2022-12-29 14:44:00.612000,129.67,129.69,9928232,,
2022-12-29 14:44:01.119000,,129.68,9928528,,
2022-12-29 14:44:01.673000,129.65,129.66,9929550,,35041
2022-12-29 14:44:02.205000,,,9930917,,
2022-12-29 14:44:02.731000,,,9932415,,35042
2022-12-29 14:44:03.264000,129.64,129.65,9934110,,
2022-12-29 14:44:03.767000,129.66,129.68,9935340,,35043
2022-12-29 14:44:04.279000,129.68,129.69,9939487,,35044
2022-12-29 14:44:04.802000,,129.7,9941088,,
2022-12-29 14:44:05.326000,129.66,129.67,9942681,,35045
2022-12-29 14:44:05.843000,,,9944992,,
2022-12-29 14:44:06.350000,,,9945422,,35046
2022-12-29 14:44:06.854000,129.61,129.63,9956833,,
2022-12-29 14:44:07.421000,,,9957860,,35047
2022-12-29 14:44:07.953000,129.6,129.61,9959354,,
2022-12-29 14:44:08.458000,129.59,129.6,9960248,,35048
2022-12-29 14:44:09.001000,129.57,129.58,9961326,,
2022-12-29 14:44:09.534000,,129.59,9966049,,35049
2022-12-29 14:44:10.071000,129.56,129.58,9975667,,35050
2022-12-29 14:44:10.603000,,129.57,9978426,,
2022-12-29 14:44:11.134000,129.54,129.55,9979969,,35051
2022-12-29 14:44:11.638000,129.53,129.54,9983269,,
2022-12-29 14:44:12.179000,129.48,129.49,10006988,,35052
2022-12-29 14:44:12.720000,129.46,129.48,10021763,,
2022-12-29 14:44:13.262000,,129.47,10026604,,35053
2022-12-29 14:44:13.782000,129.47,129.48,10029719,,
2022-12-29 14:44:14.303000,,,10031401,,35054
2022-12-29 14:44:14.838000,129.45,129.46,10040748,,
2022-12-29 14:44:15.378000,129.42,129.43,10047258,,35055
2022-12-29 14:44:15.886000,129.4,129.41,10056148,,
2022-12-29 14:44:16.399000,129.39,129.4,10061438,,35056
2022-12-29 14:44:16.924000,129.41,129.43,10066781,,
2022-12-29 14:44:17.431000,129.42,,10070315,,35057
2022-12-29 14:44:17.940000,129.41,,10075343,,
2022-12-29 14:44:18.441000,,129.42,10077790,,35058
2022-12-29 14:44:18.974000,,,10083399,,
2022-12-29 14:44:19.478000,,,10090388,,35059
2022-12-29 14:44:20.011000,129.42,129.43,10090733,,
2022-12-29 14:44:20.512000,,129.44,10093028,,35060
2022-12-29 14:44:21.051000,,129.43,10095235,,
2022-12-29 14:44:21.593000,129.41,,10100208,,35061
2022-12-29 14:44:22.112000,,129.42,10100404,,35062
2022-12-29 14:44:22.628000,,,10105698,,
2022-12-29 14:44:23.134000,129.4,129.41,10112266,,35063
2022-12-29 14:44:23.679000,129.35,129.37,10122145,,
2022-12-29 14:44:24.230000,129.37,129.39,10125040,,35064
2022-12-29 14:44:24.743000,129.36,129.38,10127862,,
2022-12-29 14:44:25.270000,129.37,129.39,10131390,,35065
2022-12-29 14:44:25.782000,129.39,129.4,10134999,,
2022-12-29 14:44:26.305000,129.38,129.39,10137636,,35066
2022-12-29 14:44:26.827000,,,10139913,,
2022-12-29 14:44:27.340000,,,10142126,,35067
2022-12-29 14:44:27.879000,,,10145289,,
2022-12-29 14:44:28.414000,,,10149275,,35068
2022-12-29 14:44:28.946000,,129.4,10152498,,
2022-12-29 14:44:29.447000,,,10153282,,35069
2022-12-29 14:44:29.960000,129.39,,10153804,,
2022-12-29 14:44:30.464000,,,10154641,,35070
2022-12-29 14:44:30.977000,129.38,,10155914,,
2022-12-29 14:44:31.519000,,129.39,10156979,,35071
2022-12-29 14:44:32.052000,,,10162799,,
2022-12-29 14:44:32.575000,,129.4,10165159,,35072
2022-12-29 14:44:33.087000,,129.39,10166688,,
2022-12-29 14:44:33.610000,,,10168095,,35073
2022-12-29 14:44:34.116000,129.37,129.38,10170474,,35074
2022-12-29 14:44:34.646000,129.38,129.39,10178461,,
2022-12-29 14:44:35.149000,129.37,129.38,10185121,,35075
2022-12-29 14:44:35.674000,129.33,129.35,10190044,,
2022-12-29 14:44:36.181000,129.35,129.37,10196250,,
2022-12-29 14:44:36.700000,129.36,,10198383,,35076
2022-12-29 14:44:37.238000,,,10198686,,35077
2022-12-29 14:44:37.777000,,,10199158,,
2022-12-29 14:44:38.284000,129.35,129.36,10205161,,
2022-12-29 14:44:38.810000,,,10209763,,35078
2022-12-29 14:44:39.343000,129.36,129.37,10214362,,35079
2022-12-29 14:44:39.848000,,,10215744,,
2022-12-29 14:44:40.353000,129.39,129.4,10218753,,35080
2022-12-29 14:44:40.884000,129.38,129.39,10220281,,
2022-12-29 14:44:41.392000,,,10231887,,35081
2022-12-29 14:44:41.936000,,,10236849,,
2022-12-29 14:44:42.443000,,,10236885,,35082
2022-12-29 14:44:42.958000,129.3,129.31,10246346,,
2022-12-29 14:44:43.525000,,,10247317,,35083
2022-12-29 14:44:44.058000,129.33,129.34,10250485,,
2022-12-29 14:44:44.561000,129.34,129.35,10252778,,35084
2022-12-29 14:44:45.068000,129.33,,10253496,,
2022-12-29 14:44:45.622000,,,10256779,,35085
2022-12-29 14:44:46.135000,129.34,,10256808,,35086
2022-12-29 14:44:46.665000,129.35,129.36,10258722,,
2022-12-29 14:44:47.195000,,,10258753,,35087
2022-12-29 14:44:47.708000,129.34,129.35,10261138,,
2022-12-29 14:44:48.251000,129.35,129.37,10261296,,35088
2022-12-29 14:44:48.758000,129.34,129.35,10266586,,
2022-12-29 14:44:49.287000,,,10267039,,
2022-12-29 14:44:49.793000,129.33,,10268759,,35089
2022-12-29 14:44:50.311000,129.34,,10273211,,35090
2022-12-29 14:44:50.839000,,129.36,10273292,,
2022-12-29 14:44:51.394000,,,10275176,,35091
2022-12-29 14:44:51.901000,129.35,129.37,10276553,,
2022-12-29 14:44:52.431000,129.34,129.36,10277246,,35092
2022-12-29 14:44:52.956000,,,10277798,,
2022-12-29 14:44:53.495000,,,10279005,,35093
2022-12-29 14:44:54.033000,,129.35,10279109,,
2022-12-29 14:44:54.552000,129.33,129.34,10280585,,35094
2022-12-29 14:44:55.084000,129.27,129.29,10287938,,35095
2022-12-29 14:44:55.587000,129.26,129.27,10294470,,
2022-12-29 14:44:56.095000,129.24,129.25,10306650,,35096
2022-12-29 14:44:56.603000,129.25,129.26,10314041,,
2022-12-29 14:44:57.136000,129.23,129.24,10316087,,35097
2022-12-29 14:44:57.661000,,,10320741,,
2022-12-29 14:44:58.180000,129.24,129.26,10332454,,35098
2022-12-29 14:44:58.712000,129.25,,10332767,,
2022-12-29 14:44:59.231000,129.23,129.25,10335967,,35099
2022-12-29 14:44:59.764000,129.24,,10340063,,
2022-12-29 14:45:00.293000,129.23,,10342250,,35100
2022-12-29 14:45:00.812000,129.29,129.31,10354601,,
2022-12-29 14:45:01.320000,129.3,129.32,10356854,,35101
2022-12-29 14:45:01.847000,129.33,129.35,10363850,,
2022-12-29 14:45:02.354000,129.3,129.31,10368988,,35102
2022-12-29 14:45:02.867000,129.32,129.33,10372150,,
2022-12-29 14:45:03.374000,129.3,129.31,10372730,,35103
2022-12-29 14:45:03.898000,129.32,129.33,10373979,,
2022-12-29 14:45:04.423000,,,10375370,,35104
2022-12-29 14:45:04.946000,129.33,129.34,10380387,,
2022-12-29 14:45:05.471000,129.32,,10384907,,35105
2022-12-29 14:45:06.011000,129.33,,10386821,,
2022-12-29 14:45:06.546000,129.34,129.36,10390851,,35106
2022-12-29 14:45:07.047000,129.35,,10396471,,
2022-12-29 14:45:07.585000,129.33,129.34,10398279,,35107
2022-12-29 14:45:08.130000,,,10407394,,35108
2022-12-29 14:45:08.637000,,,10409775,,
2022-12-29 14:45:09.165000,,,10412507,,
2022-12-29 14:45:09.671000,,129.35,10413469,,35109
2022-12-29 14:45:10.201000,129.35,129.36,10415129,,35110
2022-12-29 14:45:10.735000,129.34,129.35,10419686,,
2022-12-29 14:45:11.262000,129.35,129.36,10423195,,35111
2022-12-29 14:45:11.796000,,129.37,10427072,,
2022-12-29 14:45:12.320000,129.37,129.38,10429803,,35112
2022-12-29 14:45:12.826000,,,10432727,,
2022-12-29 14:45:13.335000,129.39,129.4,10438269,,35113
2022-12-29 14:45:13.847000,129.4,129.41,10458558,,
2022-12-29 14:45:14.349000,129.39,129.4,10462685,,35114
2022-12-29 14:45:14.862000,,,10466346,,
2022-12-29 14:45:15.385000,,,10466976,,35115
2022-12-29 14:45:15.893000,,,10467402,,
2022-12-29 14:45:16.424000,,129.41,10468557,,35116
2022-12-29 14:45:16.957000,129.37,129.38,10472652,,
2022-12-29 14:45:17.481000,129.36,,10479086,,35117
2022-12-29 14:45:18.014000,,129.37,10480913,,
2022-12-29 14:45:18.516000,,129.38,10483183,,35118
2022-12-29 14:45:19.049000,129.37,,10487468,,
2022-12-29 14:45:19.571000,129.35,129.36,10490969,,35119
2022-12-29 14:45:20.078000,129.37,129.38,10491279,,
2022-12-29 14:45:20.615000,129.35,129.36,10495881,,35120
2022-12-29 14:45:21.122000,129.34,,10497446,,
2022-12-29 14:45:21.635000,129.35,,10497512,,35121
2022-12-29 14:45:22.168000,129.37,129.38,10498196,,35122
2022-12-29 14:45:22.697000,129.38,129.4,10500983,,
2022-12-29 14:45:23.237000,,,10501966,,35123
2022-12-29 14:45:23.768000,129.4,129.41,10505266,,
2022-12-29 14:45:24.291000,129.37,129.39,10506140,,35124
2022-12-29 14:45:24.811000,129.39,129.4,10507256,,
2022-12-29 14:45:25.313000,129.37,129.39,10508025,,35125
2022-12-29 14:45:25.819000,,,10510028,,
2022-12-29 14:45:26.332000,,129.38,10510101,,
2022-12-29 14:45:26.863000,129.36,129.37,10512259,,35126
2022-12-29 14:45:27.377000,,,10512679,,35127
2022-12-29 14:45:27.891000,,,10515767,,
2022-12-29 14:45:28.434000,129.38,129.4,10518108,,35128
2022-12-29 14:45:28.967000,,,10520381,,
2022-12-29 14:45:29.475000,,,10521333,,35129
2022-12-29 14:45:30.006000,,,10523530,,
2022-12-29 14:45:30.550000,129.39,,10524461,,35130
2022-12-29 14:45:31.057000,129.41,129.43,10527835,,
2022-12-29 14:45:31.592000,,129.42,10529604,,35131
2022-12-29 14:45:32.130000,129.43,129.44,10534952,,35132
2022-12-29 14:45:32.675000,,,10535551,,
2022-12-29 14:45:33.187000,129.42,129.43,10538339,,
2022-12-29 14:45:33.730000,,129.44,10539542,,35133
2022-12-29 14:45:34.257000,,129.43,10540438,,35134
2022-12-29 14:45:34.764000,,,10541596,,
2022-12-29 14:45:35.293000,,,10547567,,35135
2022-12-29 14:45:35.811000,129.4,129.41,10548999,,
2022-12-29 14:45:36.320000,129.39,129.4,10551958,,35136
2022-12-29 14:45:36.858000,129.4,129.41,10553731,,
2022-12-29 14:45:37.392000,129.41,129.43,10554704,,35137
2022-12-29 14:45:37.918000,,129.42,10556019,,
2022-12-29 14:45:38.425000,,,10558698,,35138
2022-12-29 14:45:38.934000,129.4,129.41,10563411,,
2022-12-29 14:45:39.463000,,129.42,10564120,,35139
2022-12-29 14:45:39.970000,,,10564813,,
2022-12-29 14:45:40.497000,129.41,,10566520,,35140
2022-12-29 14:45:41.006000,,,10569313,,
2022-12-29 14:45:41.514000,,,10569910,,
2022-12-29 14:45:42.043000,129.42,129.44,10571769,,35141
2022-12-29 14:45:42.549000,,129.43,10572292,,35142
2022-12-29 14:45:43.078000,,,10578699,,
2022-12-29 14:45:43.583000,129.37,129.39,10587043,,35143
2022-12-29 14:45:44.090000,129.35,129.36,10589145,,
2022-12-29 14:45:44.625000,129.36,129.37,10590409,,35144
2022-12-29 14:45:45.132000,,,10598424,,35145
2022-12-29 14:45:45.634000,,,10600431,,
2022-12-29 14:45:46.142000,,,10601085,,
2022-12-29 14:45:46.649000,,,10605111,,35146
2022-12-29 14:45:47.155000,129.37,129.39,10607650,,35147
2022-12-29 14:45:47.687000,,,10608091,,
2022-12-29 14:45:48.213000,,,10608722,,35148
2022-12-29 14:45:48.746000,129.36,129.37,10609050,,
2022-12-29 14:45:49.271000,129.34,129.35,10611234,,35149
2022-12-29 14:45:49.778000,,,10614119,,
2022-12-29 14:45:50.287000,129.32,129.34,10616255,,35150
2022-12-29 14:45:50.795000,129.33,129.35,10618080,,
2022-12-29 14:45:51.332000,129.34,,10620424,,35151
2022-12-29 14:45:51.842000,,,10621260,,
2022-12-29 14:45:52.368000,,,10621582,,35152
2022-12-29 14:45:52.875000,129.35,129.37,10622674,,
2022-12-29 14:45:53.406000,129.34,129.36,10626018,,35153
2022-12-29 14:45:53.932000,129.33,129.34,10628788,,
2022-12-29 14:45:54.466000,,129.35,10631362,,35154
2022-12-29 14:45:54.968000,129.31,129.32,10636679,,
2022-12-29 14:45:55.475000,,129.33,10637363,,35155
2022-12-29 14:45:56.004000,129.3,129.32,10642100,,
2022-12-29 14:45:56.511000,,,10644344,,35156
2022-12-29 14:45:57.038000,129.32,129.34,10645362,,
2022-12-29 14:45:57.546000,,,10647108,,35157
2022-12-29 14:45:58.050000,129.33,129.35,10648459,,
2022-12-29 14:45:58.557000,129.32,129.34,10651103,,35158
2022-12-29 14:45:59.085000,129.33,,10651127,,
2022-12-29 14:45:59.593000,,,10651831,,35159
2022-12-29 14:46:00.100000,129.32,,10652188,,
2022-12-29 14:46:00.608000,129.34,129.35,10654368,,35160
2022-12-29 14:46:01.135000,129.35,129.37,10656720,,35161
2022-12-29 14:46:01.644000,129.36,129.38,10658482,,
2022-12-29 14:46:02.172000,129.37,,10659147,,35162
2022-12-29 14:46:02.682000,129.36,129.37,10663623,,
2022-12-29 14:46:03.209000,129.35,129.36,10665053,,35163
2022-12-29 14:46:03.716000,129.37,129.38,10665976,,
2022-12-29 14:46:04.245000,129.36,129.37,10666941,,35164
2022-12-29 14:46:04.785000,129.37,129.38,10667038,,
2022-12-29 14:46:05.318000,,,10667039,,35165
2022-12-29 14:46:05.846000,,129.39,10667747,,
2022-12-29 14:46:06.352000,,129.38,10668816,,35166
2022-12-29 14:46:06.860000,,,10670939,,
2022-12-29 14:46:07.376000,129.35,129.37,10672168,,35167
2022-12-29 14:46:07.921000,,,10673116,,
2022-12-29 14:46:08.429000,,,10674718,,35168
2022-12-29 14:46:08.970000,,,10675720,,
2022-12-29 14:46:09.478000,,129.36,10676499,,35169
2022-12-29 14:46:10.006000,,129.37,10677016,,
2022-12-29 14:46:10.539000,,,10677696,,35170
2022-12-29 14:46:11.066000,129.36,,10678175,,
2022-12-29 14:46:11.617000,129.35,129.36,10679324,,35171
2022-12-29 14:46:12.163000,129.33,129.35,10683554,,35172
2022-12-29 14:46:12.670000,129.34,,10687357,,
2022-12-29 14:46:13.197000,129.33,129.34,10690581,,35173
2022-12-29 14:46:13.704000,,,10691395,,
2022-12-29 14:46:14.230000,129.32,,10698557,,35174
2022-12-29 14:46:14.737000,129.31,129.33,10701466,,
2022-12-29 14:46:15.247000,,,10701477,,35175
2022-12-29 14:46:15.754000,,129.32,10701882,,
2022-12-29 14:46:16.281000,,,10702497,,35176
2022-12-29 14:46:16.814000,129.3,129.31,10704292,,
2022-12-29 14:46:17.339000,129.28,129.3,10706831,,35177
2022-12-29 14:46:17.859000,129.27,129.28,10709957,,
2022-12-29 14:46:18.366000,129.26,129.27,10717115,,35178
2022-12-29 14:46:18.894000,129.23,129.25,10722882,,
2022-12-29 14:46:19.427000,,,10733998,,35179
2022-12-29 14:46:19.951000,129.24,129.26,10735316,,
2022-12-29 14:46:20.487000,129.25,,10737657,,35180
2022-12-29 14:46:20.994000,,129.27,10742951,,
2022-12-29 14:46:21.499000,129.24,129.26,10750758,,35181
2022-12-29 14:46:22.006000,129.26,129.27,10752945,,
2022-12-29 14:46:22.529000,129.28,129.29,10755031,,35182
2022-12-29 14:46:23.062000,129.3,129.32,10759940,,
2022-12-29 14:46:23.590000,129.29,129.3,10764027,,35183
2022-12-29 14:46:24.096000,129.3,129.32,10764475,,
2022-12-29 14:46:24.606000,129.29,129.31,10770316,,35184
2022-12-29 14:46:25.141000,129.3,,10771341,,35185
2022-12-29 14:46:25.642000,,129.32,10773699,,
2022-12-29 14:46:26.149000,,,10776147,,35186
2022-12-29 14:46:26.680000,129.31,129.33,10776538,,
2022-12-29 14:46:27.186000,,129.32,10778490,,35187
2022-12-29 14:46:27.717000,129.3,,10779292,,
2022-12-29 14:46:28.225000,129.31,129.33,10779382,,35188
2022-12-29 14:46:28.752000,,129.32,10790134,,
2022-12-29 14:46:29.259000,129.3,129.31,10790246,,35189
2022-12-29 14:46:29.787000,129.27,129.28,10796869,,
2022-12-29 14:46:30.293000,,,10797225,,35190
2022-12-29 14:46:30.801000,,,10797734,,
2022-12-29 14:46:31.307000,129.25,129.26,10799192,,35191
2022-12-29 14:46:31.836000,,129.27,10799629,,
2022-12-29 14:46:32.344000,,129.26,10799741,,
2022-12-29 14:46:32.873000,129.26,129.27,10800939,,35192
2022-12-29 14:46:33.386000,,129.28,10804343,,35193
2022-12-29 14:46:33.909000,,129.27,10805075,,
2022-12-29 14:46:34.417000,129.27,129.28,10807893,,35194
2022-12-29 14:46:34.924000,129.28,129.29,10808586,,
2022-12-29 14:46:35.431000,129.27,129.28,10809375,,35195
2022-12-29 14:46:35.958000,,129.29,10810889,,
2022-12-29 14:46:36.491000,,,10811206,,35196
2022-12-29 14:46:37.015000,,,10811439,,
2022-12-29 14:46:37.547000,,,10815695,,35197
2022-12-29 14:46:38.077000,,129.28,10815926,,
2022-12-29 14:46:38.583000,,,10816525,,35198
2022-12-29 14:46:39.113000,129.28,129.29,10818581,,
2022-12-29 14:46:39.620000,129.27,129.28,10819062,,
2022-12-29 14:46:40.152000,129.28,129.29,10822447,,35200
2022-12-29 14:46:40.659000,129.29,129.3,10824835,,
2022-12-29 14:46:41.169000,,,10828532,,35201
2022-12-29 14:46:41.676000,,,10828844,,
2022-12-29 14:46:42.201000,,,10832840,,35202
2022-12-29 14:46:42.733000,,,10833282,,
2022-12-29 14:46:43.241000,,,10835805,,35203
2022-12-29 14:46:43.767000,,,10836983,,
2022-12-29 14:46:44.273000,,,10839322,,
2022-12-29 14:46:44.798000,,,10839440,,35204
2022-12-29 14:46:45.305000,129.27,129.28,10843435,,35205
2022-12-29 14:46:45.814000,129.26,129.27,10847170,,
2022-12-29 14:46:46.321000,129.24,129.25,10856609,,35206
2022-12-29 14:46:46.823000,129.22,129.23,10859180,,
2022-12-29 14:46:47.329000,129.19,129.2,10865546,,35207
2022-12-29 14:46:47.857000,,,10874060,,
2022-12-29 14:46:48.364000,,,10874931,,
2022-12-29 14:46:48.894000,129.18,129.19,10879973,,35208
2022-12-29 14:46:49.401000,129.16,129.17,10886570,,35209
2022-12-29 14:46:49.946000,,129.18,10889872,,
2022-12-29 14:46:50.453000,129.18,129.19,10896676,,35210
2022-12-29 14:46:50.965000,,,10898562,,
2022-12-29 14:46:51.472000,,,10898987,,35211
2022-12-29 14:46:52.003000,129.17,129.18,10903455,,
2022-12-29 14:46:52.509000,,,10906624,,35212
2022-12-29 14:46:53.038000,,,10906966,,
2022-12-29 14:46:53.570000,129.16,,10908210,,35213
2022-12-29 14:46:54.073000,129.17,,10910745,,
2022-12-29 14:46:54.580000,129.19,129.21,10923642,,35214
2022-12-29 14:46:55.109000,,,10923978,,
2022-12-29 14:46:55.616000,129.2,,10927057,,35215
2022-12-29 14:46:56.146000,129.22,129.23,10928330,,
2022-12-29 14:46:56.687000,,,10929434,,35216
2022-12-29 14:46:57.193000,,,10940631,,35217
2022-12-29 14:46:57.721000,,,10941793,,
2022-12-29 14:46:58.227000,,,10942451,,
2022-12-29 14:46:58.736000,,,10943218,,35218
2022-12-29 14:46:59.242000,,,10946984,,35219
2022-12-29 14:46:59.766000,129.21,,10951610,,
2022-12-29 14:47:00.304000,129.22,,10952314,,35220
2022-12-29 14:47:00.833000,129.18,129.19,10953841,,
2022-12-29 14:47:01.374000,,129.2,10955061,,35221
2022-12-29 14:47:01.881000,129.17,129.18,10961277,,
2022-12-29 14:47:02.390000,129.14,129.15,10967829,,35222
2022-12-29 14:47:02.925000,129.15,129.17,10973373,,
2022-12-29 14:47:03.468000,129.14,129.16,10976840,,35223
2022-12-29 14:47:03.990000,,129.15,10978474,,
2022-12-29 14:47:04.522000,,,10981326,,35224
2022-12-29 14:47:05.032000,,,10983260,,
2022-12-29 14:47:05.538000,129.15,129.16,10985809,,35225
2022-12-29 14:47:06.064000,,,10988273,,
2022-12-29 14:47:06.598000,129.16,129.17,10992335,,35226
2022-12-29 14:47:07.105000,129.17,129.19,10994732,,
2022-12-29 14:47:07.612000,129.18,,10996332,,35227
2022-12-29 14:47:08.138000,,,10996732,,35228
2022-12-29 14:47:08.670000,129.17,129.18,11000359,,
2022-12-29 14:47:09.203000,129.19,129.2,11001364,,35229
2022-12-29 14:47:09.714000,,,11006851,,
2022-12-29 14:47:10.234000,129.2,129.21,11009242,,35230
2022-12-29 14:47:10.741000,,,11010833,,
2022-12-29 14:47:11.251000,129.21,129.22,11014900,,35231
2022-12-29 14:47:11.764000,129.22,129.23,11017889,,
2022-12-29 14:47:12.268000,129.19,129.2,11020851,,
2022-12-29 14:47:12.773000,129.2,129.21,11025870,,35232
2022-12-29 14:47:13.295000,129.17,129.18,11026502,,35233
2022-12-29 14:47:13.803000,129.16,129.17,11030945,,
2022-12-29 14:47:14.312000,,,11031883,,35234
2022-12-29 14:47:14.845000,,,11032440,,
2022-12-29 14:47:15.369000,129.14,129.15,11033607,,35235
2022-12-29 14:47:15.875000,129.13,129.14,11034973,,
2022-12-29 14:47:16.405000,129.12,,11037478,,35236
2022-12-29 14:47:16.922000,,129.13,11039194,,
2022-12-29 14:47:17.429000,,,11042254,,35237
2022-12-29 14:47:17.951000,129.13,129.14,11049058,,
2022-12-29 14:47:18.478000,,,11050125,,35238
2022-12-29 14:47:18.984000,,,11050667,,
2022-12-29 14:47:19.513000,129.12,129.13,11055885,,35239
2022-12-29 14:47:20.046000,129.14,129.15,11058625,,
2022-12-29 14:47:20.549000,129.13,129.14,11061475,,35240
2022-12-29 14:47:21.056000,129.14,129.15,11066900,,
2022-12-29 14:47:21.586000,129.17,129.18,11071283,,35241
2022-12-29 14:47:22.122000,,,11072336,,
2022-12-29 14:47:22.629000,,,11074990,,35242
2022-12-29 14:47:23.157000,129.16,129.17,11076971,,
2022-12-29 14:47:23.670000,129.14,129.15,11087749,,35243
2022-12-29 14:47:24.191000,129.11,129.12,11090549,,35244
2022-12-29 14:47:24.698000,,,11095584,,
2022-12-29 14:47:25.216000,,,11097101,,35245
2022-12-29 14:47:25.724000,,,11100622,,
2022-12-29 14:47:26.246000,129.09,129.11,11101205,,
2022-12-29 14:47:26.753000,129.08,129.09,11107603,,35246
2022-12-29 14:47:27.284000,,,11108602,,
2022-12-29 14:47:27.791000,,,11108878,,35247
2022-12-29 14:47:28.325000,129.09,129.11,11113137,,35248
2022-12-29 14:47:28.831000,,,11115910,,
2022-12-29 14:47:29.361000,129.08,129.09,11118219,,35249
2022-12-29 14:47:29.894000,129.09,129.11,11119688,,
2022-12-29 14:47:30.422000,,129.1,11120198,,35250
2022-12-29 14:47:30.928000,129.1,129.11,11123354,,
2022-12-29 14:47:31.465000,,129.12,11125418,,35251
2022-12-29 14:47:31.971000,129.09,129.11,11129004,,
2022-12-29 14:47:32.500000,129.1,,11131803,,35252
2022-12-29 14:47:33.007000,129.09,,11132189,,
2022-12-29 14:47:33.520000,,129.1,11133016,,35253
2022-12-29 14:47:34.032000,,,11138530,,
2022-12-29 14:47:34.557000,,,11138634,,35254
2022-12-29 14:47:35.063000,129.1,129.11,11144372,,
2022-12-29 14:47:35.593000,,,11145785,,35255
2022-12-29 14:47:36.099000,,,11146183,,
2022-12-29 14:47:36.629000,129.11,129.12,11147320,,35256
2022-12-29 14:47:37.136000,,,11169486,,
2022-12-29 14:47:37.666000,,,11173376,,35257
2022-12-29 14:47:38.197000,,,11175291,,35258
2022-12-29 14:47:38.704000,129.12,129.13,11179300,,
2022-12-29 14:47:39.232000,,,11179560,,35259
2022-12-29 14:47:39.739000,,,11182054,,
2022-12-29 14:47:40.258000,,,11182316,,35260
2022-12-29 14:47:40.806000,,,11182863,,
2022-12-29 14:47:41.346000,129.09,129.11,11189842,,35261
2022-12-29 14:47:41.854000,,129.1,11189893,,
2022-12-29 14:47:42.382000,,,11190000,,35262
2022-12-29 14:47:42.889000,129.11,129.12,11192381,,
2022-12-29 14:47:43.417000,129.12,129.14,11240018,,35263
2022-12-29 14:47:43.924000,129.16,129.17,11245829,,
2022-12-29 14:47:44.455000,129.17,129.18,11249950,,35264
2022-12-29 14:47:44.962000,,,11251134,,
2022-12-29 14:47:45.473000,,,11254807,,35265
2022-12-29 14:47:45.981000,129.16,129.17,11257431,,
2022-12-29 14:47:46.507000,129.14,129.15,11258406,,35266
2022-12-29 14:47:47.014000,,,11260619,,
2022-12-29 14:47:47.544000,129.13,,11262015,,35267
2022-12-29 14:47:48.078000,129.14,,11264742,,
2022-12-29 14:47:48.601000,129.13,129.14,11266172,,35268
2022-12-29 14:47:49.108000,,,11267232,,
2022-12-29 14:47:49.637000,129.11,129.12,11268790,,35269
2022-12-29 14:47:50.143000,,,11269978,,
2022-12-29 14:47:50.674000,,,11271208,,35270
2022-12-29 14:47:51.181000,129.12,129.13,11272961,,35271
2022-12-29 14:47:51.709000,,,11276711,,
2022-12-29 14:47:52.216000,129.13,129.14,11279388,,35272
2022-12-29 14:47:52.744000,,,11279496,,
2022-12-29 14:47:53.252000,,,11280996,,35273
2022-12-29 14:47:53.779000,129.12,129.13,11282930,,
2022-12-29 14:47:54.286000,129.11,129.12,11285964,,35274
2022-12-29 14:47:54.815000,,129.13,11286179,,
2022-12-29 14:47:55.339000,,129.12,11288328,,35275
2022-12-29 14:47:55.871000,,,11288475,,
2022-12-29 14:47:56.397000,129.13,129.14,11293026,,35276
2022-12-29 14:47:56.905000,,,11295409,,
2022-12-29 14:47:57.432000,,,11296681,,35277
2022-12-29 14:47:57.933000,,,11297120,,
2022-12-29 14:47:58.465000,,,11300784,,35278
2022-12-29 14:47:58.971000,,,11301854,,
2022-12-29 14:47:59.505000,,,11302366,,35279
2022-12-29 14:48:00.028000,,,11303068,,
2022-12-29 14:48:00.560000,,,11304347,,35280
2022-12-29 14:48:01.088000,,,11306242,,
2022-12-29 14:48:01.596000,129.11,129.12,11308562,,35281
2022-12-29 14:48:02.105000,,,11310221,,
2022-12-29 14:48:02.617000,129.1,129.11,11322178,,35282
2022-12-29 14:48:03.118000,129.08,129.09,11323476,,
2022-12-29 14:48:03.625000,129.06,129.07,11328484,,35283
2022-12-29 14:48:04.162000,129.07,129.08,11333582,,35284
2022-12-29 14:48:04.690000,129.06,,11334593,,
2022-12-29 14:48:05.223000,129.13,129.14,11355320,,35285
2022-12-29 14:48:05.726000,129.12,129.13,11362540,,
2022-12-29 14:48:06.233000,129.1,129.11,11366526,,
2022-12-29 14:48:06.779000,129.11,129.12,11368201,,35286
2022-12-29 14:48:07.287000,129.13,129.14,11369534,,35287
2022-12-29 14:48:07.818000,,,11372796,,
2022-12-29 14:48:08.325000,129.11,129.12,11378482,,35288
2022-12-29 14:48:08.854000,,,11381191,,
2022-12-29 14:48:09.388000,129.12,129.13,11382921,,35289
2022-12-29 14:48:09.916000,129.13,129.14,11384763,,
2022-12-29 14:48:10.423000,129.14,129.15,11388626,,35290
2022-12-29 14:48:10.942000,,,11389642,,
2022-12-29 14:48:11.476000,,,11391942,,35291
2022-12-29 14:48:11.997000,129.15,129.16,11393394,,
2022-12-29 14:48:12.518000,129.13,129.14,11396054,,35292
2022-12-29 14:48:13.025000,,,11396416,,
2022-12-29 14:48:13.556000,129.14,129.15,11398154,,35293
2022-12-29 14:48:14.063000,,,11400758,,
2022-12-29 14:48:14.591000,,,11403196,,35294
2022-12-29 14:48:15.098000,129.13,129.14,11404354,,
2022-12-29 14:48:15.599000,,,11405118,,35295
2022-12-29 14:48:16.131000,129.14,129.15,11407423,,
2022-12-29 14:48:16.641000,129.15,129.16,11408846,,35296
2022-12-29 14:48:17.154000,,,11416046,,35297
2022-12-29 14:48:17.701000,129.16,129.17,11419975,,
2022-12-29 14:48:18.206000,,,11420687,,
2022-12-29 14:48:18.735000,129.14,129.15,11424413,,35298
2022-12-29 14:48:19.268000,129.13,129.14,11428546,,35299
2022-12-29 14:48:19.772000,129.12,129.13,11438192,,
2022-12-29 14:48:20.279000,,,11439597,,35300
2022-12-29 14:48:20.809000,129.13,129.14,11442487,,
2022-12-29 14:48:21.316000,129.14,129.15,11445133,,35301
2022-12-29 14:48:21.845000,,,11445165,,
2022-12-29 14:48:22.353000,,,11446516,,35302
2022-12-29 14:48:22.880000,129.13,129.14,11448812,,
2022-12-29 14:48:23.429000,129.15,129.17,11452909,,35303
2022-12-29 14:48:23.937000,129.14,129.15,11454959,,
2022-12-29 14:48:24.464000,,,11455967,,35304
2022-12-29 14:48:25.011000,,,11457074,,
2022-12-29 14:48:25.559000,129.13,129.14,11457600,,35305
2022-12-29 14:48:26.092000,129.14,129.15,11461167,,
2022-12-29 14:48:26.626000,129.13,129.14,11464417,,35306
2022-12-29 14:48:27.148000,,,11464872,,
2022-12-29 14:48:27.681000,,,11465377,,35307
2022-12-29 14:48:28.211000,,,11467106,,35308
2022-12-29 14:48:28.719000,,,11467972,,
2022-12-29 14:48:29.250000,,,11477924,,35309
2022-12-29 14:48:29.783000,129.14,129.15,11482895,,
2022-12-29 14:48:30.307000,129.1,129.11,11505510,,35310
2022-12-29 14:48:30.814000,,,11515294,,
2022-12-29 14:48:31.322000,,,11516215,,35311
