time,bid_price,ask_price,total_volume,open_price,quote_time
2022-12-27 14:36:05.100000,117.82,117.86,1114277,117.93,34564
2022-12-27 14:36:05.604000,117.87,117.9,1114925,,34565
2022-12-27 14:36:06.111000,117.85,117.87,1115829,,
2022-12-27 14:36:06.637000,117.83,117.86,1115855,,34566
2022-12-27 14:36:07.152000,117.82,,1116060,,
2022-12-27 14:36:07.670000,117.8,117.83,1117990,,34567
2022-12-27 14:36:08.205000,117.72,117.76,1131529,,
2022-12-27 14:36:08.731000,117.71,117.75,1131631,,34568
2022-12-27 14:36:09.250000,117.68,117.72,1133147,,34569
2022-12-27 14:36:09.758000,,117.71,1133302,,
2022-12-27 14:36:10.280000,,117.7,1134415,,34570
2022-12-27 14:36:10.807000,117.62,117.66,1136406,,
2022-12-27 14:36:11.334000,,117.65,1136507,,34571
2022-12-27 14:36:11.851000,117.61,117.63,1137012,,
2022-12-27 14:36:12.371000,117.55,117.59,1137477,,34572
2022-12-27 14:36:12.918000,117.56,,1138138,,
2022-12-27 14:36:13.437000,,117.6,1142154,,34573
2022-12-27 14:36:13.961000,117.61,117.63,1144089,,
2022-12-27 14:36:14.498000,117.59,117.61,1144933,,34574
2022-12-27 14:36:15.022000,117.66,117.71,1146461,,
2022-12-27 14:36:15.550000,117.65,117.7,1146947,,34575
2022-12-27 14:36:16.055000,117.68,117.71,1147694,,
2022-12-27 14:36:16.570000,,,1148784,,34576
2022-12-27 14:36:17.107000,,117.72,1149105,,
2022-12-27 14:36:17.613000,117.66,117.68,1150142,,34577
2022-12-27 14:36:18.143000,,117.71,1154483,,
2022-12-27 14:36:18.645000,,117.7,,,34578
2022-12-27 14:36:19.158000,,,1155483,,
2022-12-27 14:36:19.704000,,117.71,1156306,,34579
2022-12-27 14:36:20.243000,117.67,117.7,1156406,,
2022-12-27 14:36:20.750000,117.61,117.65,1157566,,34580
2022-12-27 14:36:21.276000,117.64,117.66,1158166,,34581
2022-12-27 14:36:21.795000,117.62,,,,
2022-12-27 14:36:22.338000,117.58,117.62,1166309,,34582
2022-12-27 14:36:22.894000,117.59,117.63,1166901,,
2022-12-27 14:36:23.405000,117.6,,1166909,,34583
2022-12-27 14:36:23.930000,117.63,117.66,1170933,,
2022-12-27 14:36:24.446000,,,1170957,,34584
2022-12-27 14:36:24.992000,117.67,117.71,1173703,,
2022-12-27 14:36:25.523000,117.65,117.68,1179680,,34585
2022-12-27 14:36:26.026000,117.63,117.66,1179820,,
2022-12-27 14:36:26.572000,,,1180030,,34586
2022-12-27 14:36:27.082000,117.64,117.67,1181031,,
2022-12-27 14:36:27.604000,117.63,117.66,1181049,,34587
2022-12-27 14:36:28.118000,,117.67,,,
2022-12-27 14:36:28.658000,117.65,,1181165,,34588
2022-12-27 14:36:29.167000,117.66,,1181591,,
2022-12-27 14:36:29.677000,117.65,,1181642,,34589
2022-12-27 14:36:30.213000,117.67,117.7,1182042,,
2022-12-27 14:36:30.715000,117.66,117.69,1182332,,34590
2022-12-27 14:36:31.222000,,,1182337,,
2022-12-27 14:36:31.723000,117.64,117.66,1183952,,34591
2022-12-27 14:36:32.260000,,117.69,1184667,,34592
2022-12-27 14:36:32.764000,,117.68,1184712,,
2022-12-27 14:36:33.284000,117.6,117.64,1189744,,34593
2022-12-27 14:36:33.789000,117.62,117.67,1190492,,
2022-12-27 14:36:34.337000,117.69,117.72,1190718,,34594
2022-12-27 14:36:34.875000,117.71,117.73,1196993,,
2022-12-27 14:36:35.402000,117.7,,1197204,,34595
2022-12-27 14:36:35.940000,,117.75,1198227,,
2022-12-27 14:36:36.457000,,,1198467,,34596
2022-12-27 14:36:36.960000,,117.72,1198567,,
2022-12-27 14:36:37.472000,117.64,117.68,1199901,,34597
2022-12-27 14:36:37.999000,117.59,117.63,1200001,,
2022-12-27 14:36:38.507000,,,1205360,,34598
2022-12-27 14:36:39.024000,,,1206411,,
2022-12-27 14:36:39.564000,,,1206606,,34599
2022-12-27 14:36:40.074000,117.63,117.66,1207995,,
2022-12-27 14:36:40.584000,117.67,117.71,1208121,,34600
2022-12-27 14:36:41.095000,117.68,117.72,1208122,,
2022-12-27 14:36:41.632000,117.66,117.71,1208227,,34601
2022-12-27 14:36:42.146000,117.65,117.7,1208333,,
2022-12-27 14:36:42.657000,,117.68,1208479,,34602
2022-12-27 14:36:43.204000,117.64,117.67,1209731,,
2022-12-27 14:36:43.710000,,,1209732,,34603
2022-12-27 14:36:44.223000,,,1209748,,
2022-12-27 14:36:44.743000,,,1209904,,34604
2022-12-27 14:36:45.254000,117.65,117.71,1210126,,
2022-12-27 14:36:45.759000,117.69,117.72,1210580,,34605
2022-12-27 14:36:46.278000,117.64,117.69,1211257,,34606
2022-12-27 14:36:46.785000,117.65,,1211263,,
2022-12-27 14:36:47.301000,117.64,,,,34607
2022-12-27 14:36:47.820000,,,1211963,,
2022-12-27 14:36:48.362000,117.66,117.68,1212034,,34608
2022-12-27 14:36:48.908000,117.63,117.66,1215209,,
2022-12-27 14:36:49.419000,117.64,117.67,1215537,,34609
2022-12-27 14:36:49.942000,117.63,117.66,1216152,,
2022-12-27 14:36:50.463000,,,1216174,,34610
2022-12-27 14:36:50.999000,,,1216175,,
2022-12-27 14:36:51.507000,,,1216476,,34611
2022-12-27 14:36:52.048000,,117.65,1216607,,
2022-12-27 14:36:52.556000,117.64,117.67,1217156,,34612
2022-12-27 14:36:53.077000,117.67,117.69,1222625,,
2022-12-27 14:36:53.592000,117.68,,1222714,,34613
2022-12-27 14:36:54.135000,117.67,,1222753,,
2022-12-27 14:36:54.663000,117.68,117.7,1224248,,34614
2022-12-27 14:36:55.171000,117.65,117.68,1224949,,
2022-12-27 14:36:55.702000,,,1225051,,34615
2022-12-27 14:36:56.225000,,,1225767,,
2022-12-27 14:36:56.752000,117.63,117.66,1227055,,34616
2022-12-27 14:36:57.288000,117.64,,1227106,,34617
2022-12-27 14:36:57.799000,,,1227257,,
2022-12-27 14:36:58.306000,,,1227633,,34618
2022-12-27 14:36:58.813000,,117.65,1227844,,
2022-12-27 14:36:59.329000,117.6,117.64,1233224,,34619
2022-12-27 14:36:59.853000,,117.63,1233326,,
2022-12-27 14:37:00.383000,,,1233810,,34620
2022-12-27 14:37:00.889000,,,1233879,,
2022-12-27 14:37:01.408000,117.57,117.59,1234283,,34621
2022-12-27 14:37:01.926000,,,1235383,,
2022-12-27 14:37:02.460000,,117.6,1235873,,34622
2022-12-27 14:37:02.964000,,,1236323,,
2022-12-27 14:37:03.471000,117.61,117.65,1237709,,34623
2022-12-27 14:37:03.975000,,,1238017,,
2022-12-27 14:37:04.478000,117.65,117.69,1238777,,34624
2022-12-27 14:37:05.000000,117.68,117.7,1238983,,
2022-12-27 14:37:05.513000,,117.72,1240013,,34625
2022-12-27 14:37:06.057000,117.69,117.73,1249671,,
2022-12-27 14:37:06.587000,117.7,117.72,1249903,,34626
2022-12-27 14:37:07.129000,,117.73,1250046,,
2022-12-27 14:37:07.644000,,,1250411,,34627
2022-12-27 14:37:08.171000,,,1250482,,
2022-12-27 14:37:08.675000,,,1250550,,34628
2022-12-27 14:37:09.200000,117.66,117.7,1253686,,
2022-12-27 14:37:09.716000,117.67,,1253693,,34629
2022-12-27 14:37:10.250000,117.66,,1253762,,
2022-12-27 14:37:10.789000,117.67,,1254751,,34630
2022-12-27 14:37:11.294000,117.63,117.68,1258578,,34631
2022-12-27 14:37:11.820000,117.61,117.65,1258823,,
2022-12-27 14:37:12.331000,,117.64,1259853,,34632
2022-12-27 14:37:12.873000,,117.65,1260898,,
2022-12-27 14:37:13.389000,,,1261198,,34633
2022-12-27 14:37:13.908000,117.62,,1261348,,
2022-12-27 14:37:14.533000,,,,,34634
2022-12-27 14:37:15.062000,,,1261357,,
2022-12-27 14:37:15.605000,,,1261397,,
2022-12-27 14:37:16.131000,117.61,,1261864,,34635
2022-12-27 14:37:16.649000,117.63,,1262782,,34636
2022-12-27 14:37:17.150000,117.65,117.69,1263254,,
2022-12-27 14:37:17.666000,,,1263511,,34637
2022-12-27 14:37:18.203000,,,1263512,,
2022-12-27 14:37:18.710000,117.66,,1263762,,34638
2022-12-27 14:37:19.219000,,,1263922,,
2022-12-27 14:37:19.738000,117.73,117.75,1265648,,34639
2022-12-27 14:37:20.266000,,,1265653,,
2022-12-27 14:37:20.790000,117.69,117.72,1267141,,34640
2022-12-27 14:37:21.319000,117.68,117.71,1273716,,34641
2022-12-27 14:37:21.827000,,,1275758,,
2022-12-27 14:37:22.338000,117.69,,1276770,,34642
2022-12-27 14:37:22.853000,117.68,,1282270,,
2022-12-27 14:37:23.356000,,,1282310,,34643
2022-12-27 14:37:24.056000,,,1282315,,
2022-12-27 14:37:24.562000,117.65,117.68,1283341,,34644
2022-12-27 14:37:25.092000,117.69,117.71,1283957,,
2022-12-27 14:37:25.625000,117.68,117.7,1285054,,34645
2022-12-27 14:37:26.153000,117.65,117.68,1285255,,
2022-12-27 14:37:26.684000,,,1285257,,34646
2022-12-27 14:37:27.294000,117.64,117.66,1287009,,34647
2022-12-27 14:37:27.804000,,117.67,1287019,,
2022-12-27 14:37:28.326000,,,1287219,,34648
2022-12-27 14:37:28.827000,,,1287310,,
2022-12-27 14:37:29.340000,,,1287329,,34649
2022-12-27 14:37:29.866000,,,1287332,,
2022-12-27 14:37:30.384000,,,1287377,,34650
2022-12-27 14:37:30.905000,117.62,117.65,1288230,,
2022-12-27 14:37:31.558000,117.63,117.67,1288711,,34651
2022-12-27 14:37:32.080000,,,1288728,,
2022-12-27 14:37:32.604000,117.62,,,,34652
2022-12-27 14:37:33.123000,,117.66,1288729,,
2022-12-27 14:37:33.645000,,117.65,1289960,,34653
2022-12-27 14:37:34.302000,,,1289961,,
2022-12-27 14:37:34.804000,,117.64,1289964,,34654
2022-12-27 14:37:35.349000,117.65,117.67,1290794,,34655
2022-12-27 14:37:35.876000,117.64,,1291009,,
2022-12-27 14:37:36.418000,,,1291110,,
2022-12-27 14:37:36.961000,,,1291212,,34656
2022-12-27 14:37:37.495000,,,1291562,,
2022-12-27 14:37:38.029000,,,1291664,,34657
2022-12-27 14:37:38.558000,,,,,34658
2022-12-27 14:37:39.089000,117.63,117.65,1292327,,
2022-12-27 14:37:39.609000,,,,,34659
2022-12-27 14:37:40.138000,117.62,117.64,1292908,,34660
2022-12-27 14:37:40.659000,,,1294153,,
2022-12-27 14:37:41.281000,,,1294203,,34661
2022-12-27 14:37:41.811000,,117.63,1295144,,
2022-12-27 14:37:42.330000,117.57,117.61,1297494,,34662
2022-12-27 14:37:42.835000,,117.59,1298897,,
2022-12-27 14:37:43.357000,,,1298898,,34663
2022-12-27 14:37:43.900000,117.56,117.58,1300349,,
2022-12-27 14:37:44.416000,,117.57,1305293,,34664
2022-12-27 14:37:44.942000,,,1305304,,
2022-12-27 14:37:45.452000,117.57,117.61,1309700,,34665
2022-12-27 14:37:45.962000,117.58,117.6,1309902,,
2022-12-27 14:37:46.486000,117.64,117.67,1311597,,34666
2022-12-27 14:37:46.990000,117.62,117.66,1312560,,
2022-12-27 14:37:47.521000,,,1312660,,
2022-12-27 14:37:48.049000,117.65,117.68,1313279,,34667
2022-12-27 14:37:48.565000,117.64,117.67,,,34668
2022-12-27 14:37:49.109000,117.62,117.66,1313281,,
2022-12-27 14:37:49.652000,,,1313781,,34669
2022-12-27 14:37:50.186000,117.63,,,,
2022-12-27 14:37:50.712000,117.62,,,,34670
2022-12-27 14:37:51.233000,117.61,117.63,1314454,,
2022-12-27 14:37:51.749000,117.59,117.62,1314706,,34671
2022-12-27 14:37:52.252000,,,1315206,,
2022-12-27 14:37:52.786000,117.6,,1315408,,34672
2022-12-27 14:37:53.305000,117.59,117.61,1315436,,34673
2022-12-27 14:37:53.843000,,117.62,1315439,,
2022-12-27 14:37:54.352000,,,1315669,,
2022-12-27 14:37:54.891000,,,1315770,,34674
2022-12-27 14:37:55.407000,117.58,117.61,1315875,,34675
2022-12-27 14:37:55.953000,117.57,,1315985,,
2022-12-27 14:37:56.469000,117.59,117.63,1316519,,34676
2022-12-27 14:37:57.011000,117.6,,1316521,,
2022-12-27 14:37:57.513000,117.57,117.59,1317227,,34677
2022-12-27 14:37:58.026000,117.55,117.57,1317588,,
2022-12-27 14:37:58.576000,,,1317589,,34678
2022-12-27 14:37:59.115000,,,1317789,,
2022-12-27 14:37:59.645000,117.53,117.55,1319405,,34679
2022-12-27 14:38:00.152000,117.52,117.54,1319409,,
2022-12-27 14:38:00.682000,117.54,117.57,1324044,,34680
2022-12-27 14:38:01.191000,117.58,117.62,1326270,,
2022-12-27 14:38:01.718000,117.59,,1326920,,34681
2022-12-27 14:38:02.261000,117.62,117.65,1327395,,34682
2022-12-27 14:38:02.800000,117.65,117.67,1328394,,
2022-12-27 14:38:03.324000,,117.68,,,34683
2022-12-27 14:38:03.844000,,117.67,1328697,,
2022-12-27 14:38:04.362000,,,1328728,,34684
2022-12-27 14:38:04.878000,117.64,117.65,1331519,,
2022-12-27 14:38:05.413000,117.65,117.68,1331719,,34685
2022-12-27 14:38:05.914000,,,1332249,,
2022-12-27 14:38:06.455000,117.64,,1332256,,34686
2022-12-27 14:38:06.978000,117.65,117.67,1332381,,
2022-12-27 14:38:07.520000,117.64,117.66,1334761,,34687
2022-12-27 14:38:08.038000,117.66,117.68,1335462,,
2022-12-27 14:38:08.555000,117.64,117.66,1335463,,34688
2022-12-27 14:38:09.095000,117.65,117.68,1336793,,
2022-12-27 14:38:09.604000,,,1336794,,34689
2022-12-27 14:38:10.131000,,,1339426,,34690
2022-12-27 14:38:10.652000,117.66,,1340646,,
2022-12-27 14:38:11.167000,,,1341960,,
2022-12-27 14:38:11.682000,117.64,117.66,1345466,,34691
2022-12-27 14:38:12.205000,,,1345666,,
2022-12-27 14:38:12.831000,117.62,117.65,1346477,,34692
2022-12-27 14:38:13.347000,117.57,117.6,1347368,,34693
2022-12-27 14:38:13.865000,117.59,,1351964,,
2022-12-27 14:38:14.380000,117.58,,1352638,,34694
2022-12-27 14:38:14.896000,117.57,117.59,1353257,,
2022-12-27 14:38:15.408000,,,1356426,,34695
2022-12-27 14:38:15.955000,117.61,117.64,1358475,,
2022-12-27 14:38:16.474000,,,1358618,,
2022-12-27 14:38:17.009000,117.62,117.65,1358847,,34696
2022-12-27 14:38:17.549000,117.67,117.7,1362074,,34697
2022-12-27 14:38:18.050000,,,1362199,,
2022-12-27 14:38:18.793000,,117.71,1362781,,34698
2022-12-27 14:38:19.346000,,,1362981,,34699
2022-12-27 14:38:19.876000,,117.7,1363315,,
2022-12-27 14:38:20.419000,,,1363365,,34700
2022-12-27 14:38:20.957000,,,1363414,,
2022-12-27 14:38:21.483000,,,1363526,,34701
2022-12-27 14:38:22.020000,,,1363533,,
2022-12-27 14:38:22.562000,117.63,117.67,1364139,,34702
2022-12-27 14:38:23.077000,,,1364342,,
2022-12-27 14:38:23.614000,117.65,117.68,1364385,,34703
2022-12-27 14:38:24.143000,,,1364386,,
2022-12-27 14:38:24.672000,,,1364489,,34704
2022-12-27 14:38:25.175000,,,1364990,,
2022-12-27 14:38:25.677000,,,1368494,,34705
2022-12-27 14:38:26.184000,117.66,,1368504,,
2022-12-27 14:38:26.687000,117.64,117.66,1369052,,34706
2022-12-27 14:38:27.200000,117.63,117.65,1369354,,
2022-12-27 14:38:27.724000,117.62,,1369454,,34707
2022-12-27 14:38:28.265000,,,1369724,,
2022-12-27 14:38:28.810000,117.67,117.69,1370124,,34708
2022-12-27 14:38:29.319000,117.69,117.7,1371272,,
2022-12-27 14:38:29.867000,,,1371273,,
2022-12-27 14:38:30.383000,117.7,117.74,1373083,,34710
2022-12-27 14:38:30.921000,117.73,117.75,1373656,,
2022-12-27 14:38:31.443000,117.68,117.71,1373900,,34711
2022-12-27 14:38:31.969000,117.67,117.7,1374002,,
2022-12-27 14:38:32.516000,117.66,117.69,1374454,,34712
2022-12-27 14:38:33.153000,117.67,117.71,1375038,,
2022-12-27 14:38:33.680000,,117.7,1375338,,34713
2022-12-27 14:38:34.214000,117.66,,,,
2022-12-27 14:38:34.748000,,,1375464,,
2022-12-27 14:38:35.286000,,117.69,,,34714
2022-12-27 14:38:36.048000,117.62,117.65,1375885,,34715
2022-12-27 14:38:36.590000,117.63,117.66,1375935,,34716
2022-12-27 14:38:37.127000,,,1375937,,
2022-12-27 14:38:37.652000,,,1375943,,34717
2022-12-27 14:38:38.179000,,,1375944,,
2022-12-27 14:38:38.686000,,,1376944,,34718
2022-12-27 14:38:39.191000,117.6,117.63,1378582,,34719
2022-12-27 14:38:39.726000,,117.64,1379684,,
2022-12-27 14:38:40.251000,,,1379685,,
2022-12-27 14:38:40.754000,,,1380535,,
2022-12-27 14:38:41.255000,,,1381050,,34720
2022-12-27 14:38:41.761000,117.61,,1381101,,34721
2022-12-27 14:38:42.270000,117.6,117.65,1382857,,
2022-12-27 14:38:42.790000,117.64,117.67,1383210,,34722
2022-12-27 14:38:43.306000,,117.66,1383213,,34723
2022-12-27 14:38:43.849000,,117.67,1384216,,
2022-12-27 14:38:44.386000,117.59,117.62,1389000,,34724
2022-12-27 14:38:44.913000,,117.61,1390658,,
2022-12-27 14:38:45.437000,117.62,117.66,1391835,,34725
2022-12-27 14:38:45.973000,117.61,,,,
2022-12-27 14:38:46.474000,117.66,117.7,1393286,,34726
2022-12-27 14:38:46.987000,,,1394531,,
2022-12-27 14:38:47.491000,,117.69,,,34727
2022-12-27 14:38:48.022000,,,1394581,,
2022-12-27 14:38:48.530000,117.67,117.7,1395072,,34728
2022-12-27 14:38:49.037000,117.66,,,,
2022-12-27 14:38:49.540000,117.68,117.71,1396347,,34729
2022-12-27 14:38:50.044000,117.67,117.7,1396966,,
2022-12-27 14:38:50.546000,,117.69,1397638,,34730
2022-12-27 14:38:51.050000,117.66,117.68,1397782,,
2022-12-27 14:38:51.574000,,,1397982,,
2022-12-27 14:38:52.108000,117.68,117.71,1398179,,34731
2022-12-27 14:38:52.636000,117.69,117.72,1400732,,34732
2022-12-27 14:38:53.161000,,,1400834,,
2022-12-27 14:38:53.671000,117.66,117.68,1401565,,34733
2022-12-27 14:38:54.175000,,,1401767,,
2022-12-27 14:38:54.719000,,,1402767,,34734
2022-12-27 14:38:55.264000,,,1405768,,
2022-12-27 14:38:55.779000,,,1405848,,
2022-12-27 14:38:56.295000,117.71,117.74,1407938,,34736
2022-12-27 14:38:56.803000,,,1408052,,
2022-12-27 14:38:57.327000,117.72,,1408694,,34737
2022-12-27 14:38:57.841000,,117.76,1408699,,
2022-12-27 14:38:58.351000,117.71,117.73,1409267,,34738
2022-12-27 14:38:58.852000,,,1411245,,
2022-12-27 14:38:59.374000,,117.74,1411556,,34739
2022-12-27 14:38:59.888000,,,1411572,,
2022-12-27 14:39:00.417000,,,,,34740
2022-12-27 14:39:00.925000,,,1411760,,
2022-12-27 14:39:01.470000,,117.73,1412267,,
2022-12-27 14:39:02.015000,,117.72,1413142,,34741
2022-12-27 14:39:02.536000,117.69,117.7,1415588,,34742
2022-12-27 14:39:03.048000,117.64,117.67,1416606,,34743
2022-12-27 14:39:03.562000,117.6,117.63,1417695,,
2022-12-27 14:39:04.100000,117.54,117.57,1420029,,
2022-12-27 14:39:04.623000,117.53,117.54,1422645,,34744
2022-12-27 14:39:05.140000,117.52,,1424496,,
2022-12-27 14:39:05.644000,117.57,117.58,1424694,,34745
2022-12-27 14:39:06.166000,117.58,117.61,1428256,,
2022-12-27 14:39:06.682000,,117.6,1429111,,34746
2022-12-27 14:39:07.193000,117.59,117.61,1429126,,34747
2022-12-27 14:39:07.717000,,,1429427,,
2022-12-27 14:39:08.237000,117.57,117.6,1430322,,34748
2022-12-27 14:39:08.758000,117.58,,1430665,,
2022-12-27 14:39:09.280000,117.6,117.64,1432771,,
2022-12-27 14:39:09.788000,117.59,117.63,,,34749
2022-12-27 14:39:10.289000,117.57,117.61,1432984,,
2022-12-27 14:39:10.828000,117.6,117.62,1433084,,34750
2022-12-27 14:39:11.368000,,,1433114,,34751
2022-12-27 14:39:11.878000,117.62,117.64,1436271,,
2022-12-27 14:39:12.404000,,,1436371,,
2022-12-27 14:39:12.913000,117.65,117.69,1437125,,34752
2022-12-27 14:39:13.465000,,117.68,1437476,,34753
2022-12-27 14:39:14.011000,117.66,117.7,1441820,,
2022-12-27 14:39:14.536000,,117.69,1443098,,34754
2022-12-27 14:39:15.049000,,,1443789,,
2022-12-27 14:39:15.556000,117.67,117.7,1444245,,34755
2022-12-27 14:39:16.066000,117.68,117.72,1444948,,
2022-12-27 14:39:16.589000,117.66,117.68,1446062,,34756
2022-12-27 14:39:17.093000,,117.67,1446063,,
2022-12-27 14:39:17.623000,117.57,117.6,1446817,,34757
2022-12-27 14:39:18.141000,,117.58,1447117,,
2022-12-27 14:39:18.678000,,117.59,1447322,,34758
2022-12-27 14:39:19.198000,,,1448522,,
2022-12-27 14:39:19.707000,117.53,117.57,1449715,,34759
2022-12-27 14:39:20.209000,117.62,117.64,1450946,,34760
2022-12-27 14:39:20.718000,117.58,117.62,1454846,,
2022-12-27 14:39:21.252000,117.56,117.58,1454996,,34761
2022-12-27 14:39:21.787000,,117.59,1458398,,
2022-12-27 14:39:22.310000,,,1458399,,
2022-12-27 14:39:22.846000,117.58,117.62,1460028,,34762
2022-12-27 14:39:23.358000,117.6,117.64,1460528,,34763
2022-12-27 14:39:23.879000,117.62,117.67,1461631,,
2022-12-27 14:39:24.391000,,117.65,1462281,,34764
2022-12-27 14:39:24.931000,,117.66,,,
2022-12-27 14:39:25.466000,,,,,34765
2022-12-27 14:39:26.088000,117.61,,,,
2022-12-27 14:39:26.598000,117.6,117.63,1462564,,34766
2022-12-27 14:39:27.124000,117.62,117.66,1462895,,34767
2022-12-27 14:39:27.662000,117.6,117.65,1462896,,
2022-12-27 14:39:28.186000,117.61,,1463302,,
2022-12-27 14:39:28.712000,117.6,,,,34768
2022-12-27 14:39:29.215000,,117.64,1463503,,34769
2022-12-27 14:39:29.742000,,,1463507,,
2022-12-27 14:39:30.256000,,,1463714,,
2022-12-27 14:39:30.790000,,117.65,1464026,,34770
2022-12-27 14:39:31.296000,,117.63,1464028,,
2022-12-27 14:39:31.845000,,,1464128,,34771
2022-12-27 14:39:32.373000,,,1464129,,
2022-12-27 14:39:32.875000,,,1464261,,34772
2022-12-27 14:39:33.566000,,,1465261,,34773
2022-12-27 14:39:34.096000,,,1465263,,
2022-12-27 14:39:34.613000,117.64,117.67,1466170,,34774
2022-12-27 14:39:35.160000,117.61,117.64,1469722,,34775
2022-12-27 14:39:35.678000,117.6,117.62,1470111,,
2022-12-27 14:39:36.322000,,,,,34776
2022-12-27 14:39:36.839000,,117.61,1470319,,
2022-12-27 14:39:37.353000,117.56,117.57,1471726,,34777
2022-12-27 14:39:37.862000,117.59,117.63,1473137,,
2022-12-27 14:39:38.371000,117.57,117.62,1473138,,34778
2022-12-27 14:39:38.892000,,,1474548,,
2022-12-27 14:39:39.426000,117.56,117.61,1474549,,34779
2022-12-27 14:39:39.927000,117.58,,1474779,,
2022-12-27 14:39:40.438000,117.57,117.6,,,34780
2022-12-27 14:39:40.944000,,,1477779,,
2022-12-27 14:39:41.450000,,,1477842,,34781
2022-12-27 14:39:41.954000,,,1477916,,
2022-12-27 14:39:42.480000,117.56,117.59,1479631,,34782
2022-12-27 14:39:42.995000,,,1479635,,
2022-12-27 14:39:43.496000,117.57,117.6,1480492,,34783
2022-12-27 14:39:44.033000,,,1481522,,
2022-12-27 14:39:44.543000,117.58,117.61,1481526,,34784
2022-12-27 14:39:45.070000,117.6,,1481895,,
2022-12-27 14:39:45.572000,117.56,117.6,1481985,,34785
2022-12-27 14:39:46.079000,117.5,117.52,1488142,,
2022-12-27 14:39:46.603000,,,1488143,,
2022-12-27 14:39:47.117000,,,1488144,,
2022-12-27 14:39:47.627000,117.46,117.49,1499036,,34787
2022-12-27 14:39:48.152000,117.47,117.5,1502704,,34788
2022-12-27 14:39:48.669000,,,1502995,,
2022-12-27 14:39:49.186000,,,1503996,,
2022-12-27 14:39:49.697000,117.46,117.49,1505039,,34789
2022-12-27 14:39:50.236000,,117.5,1505303,,
2022-12-27 14:39:50.764000,,117.49,1506104,,34790
2022-12-27 14:39:51.266000,,,1509744,,
2022-12-27 14:39:51.769000,,,1509802,,34791
2022-12-27 14:39:52.285000,117.43,117.45,1510576,,
2022-12-27 14:39:52.805000,,,1510577,,
2022-12-27 14:39:53.307000,,117.46,1512109,,34792
2022-12-27 14:39:53.843000,,,1512314,,34793
2022-12-27 14:39:54.386000,,,1513118,,34794
2022-12-27 14:39:54.895000,,,1513415,,
2022-12-27 14:39:55.436000,,,1514075,,34795
2022-12-27 14:39:55.972000,,,1517309,,
2022-12-27 14:39:56.490000,,,1517411,,
2022-12-27 14:39:57.032000,117.42,,1517839,,34796
2022-12-27 14:39:57.552000,117.4,117.44,1520960,,34797
2022-12-27 14:39:58.074000,,117.45,1521061,,
2022-12-27 14:39:58.607000,117.39,,1521361,,34798
2022-12-27 14:39:59.130000,117.4,,1522261,,
2022-12-27 14:39:59.651000,,,1522291,,34799
2022-12-27 14:40:00.173000,,,1522491,,34800
2022-12-27 14:40:00.684000,,117.44,1523041,,
2022-12-27 14:40:01.202000,117.36,117.38,1523821,,34801
2022-12-27 14:40:01.732000,117.39,117.43,1524446,,
2022-12-27 14:40:02.277000,117.34,117.36,1525133,,34802
2022-12-27 14:40:02.795000,117.41,117.45,1526641,,
2022-12-27 14:40:03.319000,117.39,117.42,1528320,,34803
2022-12-27 14:40:03.853000,117.4,117.43,1532706,,
2022-12-27 14:40:04.383000,117.38,117.42,1532718,,34804
2022-12-27 14:40:04.913000,,117.41,,,
2022-12-27 14:40:05.429000,117.39,117.42,1535181,,34805
2022-12-27 14:40:05.975000,117.4,,,,
2022-12-27 14:40:06.477000,,117.43,1535690,,34806
2022-12-27 14:40:07.053000,117.37,117.39,1536067,,
2022-12-27 14:40:07.593000,117.4,117.43,1538099,,34807
2022-12-27 14:40:08.118000,117.39,,,,
2022-12-27 14:40:08.642000,117.37,117.39,1538789,,34808
2022-12-27 14:40:09.152000,117.38,117.42,1539093,,
2022-12-27 14:40:09.655000,117.37,117.41,1539094,,34809
2022-12-27 14:40:11.082000,117.35,117.39,1540472,,34811
2022-12-27 14:40:11.612000,117.33,117.36,1541240,,
2022-12-27 14:40:12.144000,117.34,117.38,1541491,,34812
2022-12-27 14:40:12.646000,117.33,,1542315,,
2022-12-27 14:40:13.176000,,117.37,1542331,,
2022-12-27 14:40:13.687000,,117.36,1542389,,34813
2022-12-27 14:40:14.210000,117.32,117.34,1550582,,
2022-12-27 14:40:14.725000,117.3,117.33,1551866,,34814
2022-12-27 14:40:15.228000,117.29,,1552549,,34815
2022-12-27 14:40:15.754000,117.28,117.31,1552812,,
2022-12-27 14:40:16.270000,,117.3,1552890,,
2022-12-27 14:40:16.816000,117.26,,1553090,,34816
2022-12-27 14:40:17.352000,117.27,117.31,1553278,,34817
2022-12-27 14:40:17.881000,117.25,117.27,1557589,,
2022-12-27 14:40:18.385000,117.27,117.31,1559070,,34818
2022-12-27 14:40:18.904000,117.3,117.33,1562576,,
2022-12-27 14:40:19.420000,117.35,117.37,1563356,,34819
2022-12-27 14:40:19.935000,117.32,117.36,1566677,,
2022-12-27 14:40:20.451000,117.33,117.37,1567025,,34820
2022-12-27 14:40:20.968000,117.32,117.35,1567630,,
2022-12-27 14:40:21.510000,117.28,117.32,1568623,,34821
2022-12-27 14:40:22.013000,117.26,117.28,1568903,,
2022-12-27 14:40:22.528000,117.27,117.31,1569310,,34822
2022-12-27 14:40:23.066000,117.33,117.37,1570876,,
2022-12-27 14:40:23.589000,,,1570986,,34823
2022-12-27 14:40:24.110000,117.31,117.35,1571157,,
2022-12-27 14:40:24.654000,117.28,117.32,1576726,,34824
2022-12-27 14:40:25.196000,,117.31,1576889,,
2022-12-27 14:40:25.713000,117.24,117.27,1578895,,34825
2022-12-27 14:40:26.252000,117.23,117.26,1579892,,34826
2022-12-27 14:40:26.833000,,117.25,1580049,,
2022-12-27 14:40:27.341000,117.26,117.31,1581479,,34827
2022-12-27 14:40:27.862000,117.24,117.28,1581743,,
2022-12-27 14:40:28.380000,,117.27,,,34828
2022-12-27 14:40:28.920000,,117.26,1581803,,
2022-12-27 14:40:29.457000,117.25,117.27,1582004,,34829
2022-12-27 14:40:29.974000,117.26,117.29,1582404,,
2022-12-27 14:40:30.476000,,,1582405,,
2022-12-27 14:40:30.992000,,,1583536,,34830
2022-12-27 14:40:31.497000,117.28,117.32,1583653,,34831
2022-12-27 14:40:32.039000,117.31,117.35,1583779,,
2022-12-27 14:40:32.550000,117.29,117.34,1583995,,34832
2022-12-27 14:40:33.057000,117.3,117.33,1584153,,
2022-12-27 14:40:33.586000,,,1584189,,34833
2022-12-27 14:40:34.091000,117.28,,1584309,,34834
2022-12-27 14:40:34.613000,,,1584469,,
2022-12-27 14:40:35.132000,117.29,,1585070,,
2022-12-27 14:40:35.643000,117.28,117.32,1585107,,34835
2022-12-27 14:40:36.180000,,117.33,1585111,,
2022-12-27 14:40:36.685000,,,1585458,,34836
2022-12-27 14:40:37.201000,,117.32,,,
2022-12-27 14:40:37.710000,117.25,117.27,1586915,,34837
2022-12-27 14:40:38.246000,117.26,,1587118,,34838
2022-12-27 14:40:38.776000,117.25,,1587261,,
2022-12-27 14:40:39.300000,117.2,117.21,1587779,,34839
2022-12-27 14:40:39.830000,117.13,117.16,1594401,,
2022-12-27 14:40:40.361000,117.15,117.17,1600180,,34840
2022-12-27 14:40:40.895000,117.14,,1600327,,
2022-12-27 14:40:41.418000,,,1600409,,34841
2022-12-27 14:40:41.929000,,,1601410,,
2022-12-27 14:40:42.431000,,,1601569,,
2022-12-27 14:40:42.939000,117.15,,1601670,,34842
2022-12-27 14:40:43.483000,117.16,,1601775,,34843
2022-12-27 14:40:44.028000,117.2,117.25,1602215,,
2022-12-27 14:40:44.579000,117.22,117.26,1602322,,34844
2022-12-27 14:40:45.103000,117.23,,1602689,,34845
2022-12-27 14:40:45.642000,,117.25,1602844,,
2022-12-27 14:40:46.146000,,,1602934,,
2022-12-27 14:40:46.676000,,,1603037,,
2022-12-27 14:40:47.215000,,,1603040,,
2022-12-27 14:40:47.729000,,,1603239,,34847
2022-12-27 14:40:48.245000,117.14,117.17,1605488,,34848
2022-12-27 14:40:48.767000,,117.16,1606091,,
2022-12-27 14:40:49.285000,117.17,117.2,1617569,,
2022-12-27 14:40:49.807000,117.16,,1618321,,34849
2022-12-27 14:40:50.316000,117.14,117.17,1618443,,34850
2022-12-27 14:40:50.844000,,,1618543,,
2022-12-27 14:40:51.346000,,,1619210,,
2022-12-27 14:40:51.887000,,,1619310,,
2022-12-27 14:40:52.593000,,,,,34852
2022-12-27 14:40:53.105000,,,1619410,,34853
2022-12-27 14:40:53.648000,117.15,117.19,1621806,,
2022-12-27 14:40:54.155000,117.17,,1622340,,
2022-12-27 14:40:54.693000,117.13,117.17,1624094,,34854
2022-12-27 14:40:55.844000,117.17,117.19,1624994,,34855
2022-12-27 14:40:56.360000,,117.2,1626138,,34856
2022-12-27 14:40:56.891000,,,1626228,,
2022-12-27 14:40:57.456000,,117.19,1626248,,34857
2022-12-27 14:40:57.991000,117.15,117.18,1626249,,
2022-12-27 14:40:58.498000,117.17,117.2,1627367,,34858
2022-12-27 14:40:59.006000,,,1627370,,
2022-12-27 14:40:59.563000,117.18,,1627371,,34859
2022-12-27 14:41:00.079000,117.17,,1627403,,
2022-12-27 14:41:00.611000,117.19,117.22,1627617,,34860
2022-12-27 14:41:01.143000,,,1627718,,
2022-12-27 14:41:01.690000,,,1628358,,34861
2022-12-27 14:41:02.200000,117.2,,1628906,,34862
2022-12-27 14:41:02.721000,,,1629627,,
2022-12-27 14:41:03.237000,,,1629816,,
2022-12-27 14:41:03.759000,,117.23,1632087,,34863
2022-12-27 14:41:04.300000,,,1632935,,
2022-12-27 14:41:04.804000,117.24,117.27,1634666,,34864
2022-12-27 14:41:05.317000,,117.26,1634986,,
2022-12-27 14:41:05.835000,,,1638652,,34865
2022-12-27 14:41:06.344000,,,1639805,,34866
2022-12-27 14:41:06.854000,,,1642459,,
2022-12-27 14:41:07.623000,117.21,117.25,1642615,,34867
2022-12-27 14:41:08.137000,117.22,117.26,1642640,,
2022-12-27 14:41:08.684000,117.23,,1642830,,34868
2022-12-27 14:41:09.185000,117.22,117.25,1643623,,
2022-12-27 14:41:09.695000,,,1643673,,
2022-12-27 14:41:10.196000,,,1643689,,34869
2022-12-27 14:41:10.711000,117.24,117.27,1645713,,34870
2022-12-27 14:41:11.240000,117.22,,1645814,,34871
2022-12-27 14:41:11.774000,117.24,,,,
2022-12-27 14:41:12.277000,117.23,,1645997,,
2022-12-27 14:41:12.805000,,,1646604,,34872
2022-12-27 14:41:13.313000,,,1646914,,
2022-12-27 14:41:13.821000,117.29,117.34,1647917,,34873
2022-12-27 14:41:14.328000,,117.33,1647919,,34874
2022-12-27 14:41:14.838000,117.31,117.34,1648382,,
2022-12-27 14:41:15.368000,117.32,117.36,,,34875
2022-12-27 14:41:15.871000,117.34,117.37,1649561,,
2022-12-27 14:41:16.395000,117.35,117.38,1649803,,34876
2022-12-27 14:41:16.913000,117.32,117.36,1649810,,
2022-12-27 14:41:17.457000,,117.35,1650441,,34877
2022-12-27 14:41:17.991000,,,1650487,,
2022-12-27 14:41:18.506000,117.33,117.36,1653923,,34878
2022-12-27 14:41:19.016000,,,1654023,,
2022-12-27 14:41:19.523000,117.32,117.35,1655785,,34879
2022-12-27 14:41:20.026000,,,1655786,,
2022-12-27 14:41:20.561000,,,1655987,,34880
2022-12-27 14:41:21.077000,117.35,117.36,1655994,,
2022-12-27 14:41:21.601000,,117.38,1656484,,34881
2022-12-27 14:41:22.137000,117.34,117.39,1663613,,34882
2022-12-27 14:41:22.643000,117.35,,1665657,,
2022-12-27 14:41:23.151000,117.36,,1665857,,34883
2022-12-27 14:41:23.652000,117.32,117.35,1666123,,
2022-12-27 14:41:24.166000,117.33,,1666127,,34884
2022-12-27 14:41:24.701000,,117.38,1666277,,
2022-12-27 14:41:25.230000,,,1666787,,34885
2022-12-27 14:41:25.773000,,117.39,,,
2022-12-27 14:41:26.288000,117.35,117.4,1666789,,
2022-12-27 14:41:26.802000,117.33,117.39,1666790,,34886
2022-12-27 14:41:27.348000,,117.38,1666990,,34887
2022-12-27 14:41:27.860000,,,1667262,,
2022-12-27 14:41:28.382000,,117.36,1668922,,34888
2022-12-27 14:41:28.949000,117.34,117.37,1669053,,
2022-12-27 14:41:29.451000,117.33,117.36,1669059,,34889
2022-12-27 14:41:30.010000,,,1669060,,
2022-12-27 14:41:30.552000,,,1669101,,34890
2022-12-27 14:41:31.069000,117.27,117.31,1671655,,
2022-12-27 14:41:31.593000,117.33,117.36,1672054,,34891
2022-12-27 14:41:32.107000,,,1672379,,34892
2022-12-27 14:41:32.625000,117.35,117.37,1672836,,
2022-12-27 14:41:33.167000,117.34,117.35,1672846,,
2022-12-27 14:41:33.694000,117.27,117.3,1675292,,34893
2022-12-27 14:41:34.205000,117.29,117.31,1676708,,34894
2022-12-27 14:41:34.726000,117.27,,1676728,,
2022-12-27 14:41:35.240000,,117.28,1676833,,34895
2022-12-27 14:41:35.763000,117.28,117.3,1677033,,
2022-12-27 14:41:36.299000,,,1677143,,
2022-12-27 14:41:36.811000,117.23,117.25,1678443,,34896
2022-12-27 14:41:37.336000,,,1678543,,34897
2022-12-27 14:41:37.877000,,,1679444,,
2022-12-27 14:41:38.420000,,117.26,1679445,,34898
2022-12-27 14:41:38.938000,117.21,117.24,1682120,,
2022-12-27 14:41:39.440000,,117.23,,,34899
2022-12-27 14:41:39.976000,,117.24,1682255,,
2022-12-27 14:41:40.497000,117.22,117.25,1682331,,34900
2022-12-27 14:41:41.112000,,,1682337,,34901
2022-12-27 14:41:41.628000,,,1682340,,
2022-12-27 14:41:42.140000,,,1682440,,34902
2022-12-27 14:41:43.128000,,,1682441,,
2022-12-27 14:41:43.640000,117.21,117.23,1683243,,34903
2022-12-27 14:41:44.185000,,,1683262,,
2022-12-27 14:41:44.702000,,,1683272,,34904
2022-12-27 14:41:45.245000,,117.22,,,34905
2022-12-27 14:41:45.895000,117.15,117.17,1684201,,
2022-12-27 14:41:46.409000,117.14,117.15,1684542,,34906
2022-12-27 14:41:46.953000,,117.16,1684812,,
2022-12-27 14:41:47.475000,117.13,117.15,1686130,,34907
2022-12-27 14:41:47.977000,,,1686231,,
2022-12-27 14:41:48.524000,,117.16,1687928,,34908
2022-12-27 14:41:49.066000,,117.15,1688661,,
2022-12-27 14:41:49.582000,,,1688663,,
2022-12-27 14:41:50.083000,,,1688666,,
2022-12-27 14:41:50.625000,117.14,117.17,1689867,,34910
2022-12-27 14:41:51.127000,,,1689991,,34911
2022-12-27 14:41:51.643000,117.13,117.16,1692991,,
2022-12-27 14:41:52.151000,117.12,117.14,1693141,,
2022-12-27 14:41:52.695000,117.11,117.12,1694403,,34912
2022-12-27 14:41:53.197000,117.05,117.06,1698265,,34913
2022-12-27 14:41:53.698000,,117.09,1700695,,
2022-12-27 14:41:54.221000,117.03,,1700755,,34914
2022-12-27 14:41:54.742000,117.02,117.06,1708444,,
2022-12-27 14:41:55.265000,117.01,117.03,1709253,,34915
2022-12-27 14:41:55.781000,116.97,117,1714366,,
2022-12-27 14:41:56.292000,,,1714572,,
2022-12-27 14:41:56.825000,,,1714741,,34916
2022-12-27 14:41:57.343000,,,1715466,,
2022-12-27 14:41:57.886000,117.06,117.09,1723002,,34917
2022-12-27 14:41:58.402000,117.03,117.07,1723370,,34918
2022-12-27 14:41:58.934000,,,1723891,,
2022-12-27 14:41:59.436000,117.01,117.05,1725477,,34919
2022-12-27 14:41:59.948000,117.03,117.07,1725627,,
2022-12-27 14:42:00.465000,117.01,117.06,1725937,,34920
2022-12-27 14:42:00.969000,,,1726217,,
2022-12-27 14:42:01.487000,116.99,117.03,1726517,,34921
2022-12-27 14:42:01.998000,,,1726560,,
2022-12-27 14:42:02.521000,116.97,117.02,1726941,,34922
2022-12-27 14:42:03.023000,116.98,117.01,1727003,,
2022-12-27 14:42:03.530000,116.97,,1727005,,34923
2022-12-27 14:42:04.037000,,,1727295,,
2022-12-27 14:42:04.565000,116.98,117.02,1727320,,34924
2022-12-27 14:42:05.097000,116.99,,1727324,,
2022-12-27 14:42:05.640000,116.98,,1727400,,34925
2022-12-27 14:42:06.163000,116.99,,1728410,,
2022-12-27 14:42:06.673000,116.97,116.98,1728930,,34926
2022-12-27 14:42:07.215000,116.96,,1730383,,
2022-12-27 14:42:07.718000,,,1730572,,
2022-12-27 14:42:08.253000,116.97,,1730808,,34927
2022-12-27 14:42:08.782000,116.96,116.97,1731159,,34928
2022-12-27 14:42:09.318000,,,1731702,,
2022-12-27 14:42:09.844000,116.97,117,1734703,,34929
2022-12-27 14:42:10.377000,,117.01,1736265,,34930
2022-12-27 14:42:10.879000,116.96,,1736380,,
2022-12-27 14:42:11.406000,,,1736441,,34931
2022-12-27 14:42:11.949000,,,1736621,,
2022-12-27 14:42:12.475000,,117,,,34932
2022-12-27 14:42:12.990000,,116.99,,,
2022-12-27 14:42:13.505000,,,1736932,,34933
2022-12-27 14:42:14.135000,116.95,116.97,1737643,,
2022-12-27 14:42:14.639000,116.92,116.93,1738522,,34934
2022-12-27 14:42:15.154000,116.93,116.98,1741934,,
2022-12-27 14:42:15.658000,,116.97,1742537,,34935
2022-12-27 14:42:16.186000,,116.98,1742737,,
2022-12-27 14:42:16.692000,116.92,116.96,1742842,,34936
2022-12-27 14:42:17.227000,116.94,,1743037,,34937
2022-12-27 14:42:17.750000,,116.98,1743190,,
2022-12-27 14:42:18.377000,116.92,116.96,1743290,,34938
2022-12-27 14:42:18.881000,,116.97,1743571,,
2022-12-27 14:42:19.383000,116.91,116.92,1744112,,34939
2022-12-27 14:42:19.900000,,,1744331,,
2022-12-27 14:42:20.405000,116.9,,1744831,,
2022-12-27 14:42:20.907000,,,1745423,,34940
2022-12-27 14:42:21.441000,,,1745512,,
2022-12-27 14:42:21.942000,116.85,116.88,1752109,,34941
2022-12-27 14:42:22.478000,116.83,116.87,1752612,,34942
2022-12-27 14:42:23.016000,116.81,116.83,1753805,,
2022-12-27 14:42:23.541000,,116.86,1754430,,34943
2022-12-27 14:42:24.054000,,,1755383,,
2022-12-27 14:42:24.580000,116.82,,1755990,,34944
2022-12-27 14:42:25.105000,116.81,116.83,1756114,,
2022-12-27 14:42:25.617000,116.82,116.85,1756776,,34945
2022-12-27 14:42:26.119000,116.81,116.83,1756872,,34946
2022-12-27 14:42:26.625000,,,1757322,,
2022-12-27 14:42:27.138000,116.8,116.82,1758827,,
2022-12-27 14:42:27.642000,,116.83,1758999,,34947
2022-12-27 14:42:28.175000,116.81,116.85,1759499,,34948
2022-12-27 14:42:28.689000,116.78,116.8,1767712,,
2022-12-27 14:42:29.191000,116.75,116.77,1771580,,34949
2022-12-27 14:42:29.715000,,,1771794,,
2022-12-27 14:42:30.219000,,,,,34950
2022-12-27 14:42:30.745000,,,1771806,,
2022-12-27 14:42:31.268000,116.71,116.75,1775633,,34951
2022-12-27 14:42:31.783000,116.69,116.71,1775760,,
2022-12-27 14:42:32.311000,116.67,116.7,1777040,,34952
2022-12-27 14:42:32.825000,116.69,116.73,1778159,,
2022-12-27 14:42:33.354000,116.74,116.78,1787247,,34953
2022-12-27 14:42:33.862000,,,1788330,,
2022-12-27 14:42:34.379000,116.72,116.77,1788641,,34954
2022-12-27 14:42:34.898000,116.74,116.78,,,
2022-12-27 14:42:35.427000,,116.77,1789142,,34955
2022-12-27 14:42:35.940000,116.75,116.78,1789182,,
2022-12-27 14:42:36.442000,,,1791086,,34956
2022-12-27 14:42:36.951000,116.79,116.81,1791895,,
2022-12-27 14:42:37.492000,116.76,,1792129,,34957
2022-12-27 14:42:38.008000,116.75,116.8,1792329,,
2022-12-27 14:42:38.530000,,,1792439,,34958
2022-12-27 14:42:39.071000,,,1793840,,
2022-12-27 14:42:39.595000,,116.79,1793965,,34959
2022-12-27 14:42:40.109000,,116.78,,,
2022-12-27 14:42:40.638000,116.77,116.8,1794059,,34960
2022-12-27 14:42:41.145000,116.76,116.78,1794175,,34961
2022-12-27 14:42:41.653000,,116.77,1794392,,
2022-12-27 14:42:42.172000,116.78,116.79,1797647,,34962
2022-12-27 14:42:42.698000,116.76,,1799137,,
2022-12-27 14:42:43.235000,116.75,116.78,,,
2022-12-27 14:42:43.747000,116.72,116.74,1802169,,34963
2022-12-27 14:42:44.282000,116.67,116.68,1802499,,
2022-12-27 14:42:44.821000,116.74,116.78,1803211,,34964
2022-12-27 14:42:45.340000,116.73,116.75,1803412,,
2022-12-27 14:42:45.850000,116.72,,1804483,,34965
2022-12-27 14:42:46.363000,116.73,,,,
2022-12-27 14:42:46.877000,116.74,,1804538,,34966
2022-12-27 14:42:47.386000,116.72,,1808218,,34967
2022-12-27 14:42:47.909000,,,1808319,,
2022-12-27 14:42:48.445000,116.74,116.78,1808617,,34968
2022-12-27 14:42:48.967000,116.77,116.8,1809520,,
2022-12-27 14:42:49.503000,,,1809788,,34969
2022-12-27 14:42:50.029000,,,1810221,,
2022-12-27 14:42:50.551000,116.78,116.82,1811136,,34970
2022-12-27 14:42:51.080000,116.83,116.86,1811241,,
2022-12-27 14:42:51.586000,116.84,,,,34971
2022-12-27 14:42:52.094000,116.87,116.89,1811966,,
2022-12-27 14:42:52.608000,,116.92,1812863,,34972
2022-12-27 14:42:53.148000,116.89,,1813228,,34973
2022-12-27 14:42:53.651000,116.88,,1813529,,
2022-12-27 14:42:54.186000,116.89,116.91,1813630,,34974
2022-12-27 14:42:54.728000,116.88,116.9,1813705,,
2022-12-27 14:42:55.243000,116.89,116.92,1813926,,34975
2022-12-27 14:42:55.902000,,,1813951,,
2022-12-27 14:42:56.442000,,,1814231,,34976
2022-12-27 14:42:56.990000,,,1814452,,
2022-12-27 14:42:57.525000,,,1814508,,34977
2022-12-27 14:42:58.033000,116.86,116.9,1814609,,
2022-12-27 14:42:58.563000,116.87,116.91,1814610,,34978
2022-12-27 14:42:59.078000,,116.9,1814622,,
2022-12-27 14:42:59.607000,,116.89,1814773,,34979
2022-12-27 14:43:00.144000,116.9,116.93,1817020,,34980
2022-12-27 14:43:00.673000,116.88,116.92,1817621,,
2022-12-27 14:43:01.182000,,116.91,1817823,,
2022-12-27 14:43:01.704000,116.86,116.87,1818864,,34981
2022-12-27 14:43:02.220000,116.85,116.86,1819451,,34982
2022-12-27 14:43:02.743000,,116.87,1821213,,
2022-12-27 14:43:03.273000,,,1821226,,
2022-12-27 14:43:03.798000,116.77,116.82,1821527,,34983
2022-12-27 14:43:04.308000,116.72,116.76,1823592,,34984
2022-12-27 14:43:04.824000,116.73,116.77,1824817,,
2022-12-27 14:43:05.370000,,,1826219,,34985
2022-12-27 14:43:05.913000,,,1826302,,
2022-12-27 14:43:06.443000,116.72,116.75,1826443,,34986
2022-12-27 14:43:06.967000,116.73,,1827853,,
2022-12-27 14:43:07.477000,116.77,116.81,1829455,,34987
2022-12-27 14:43:08.012000,116.78,116.8,1829675,,
2022-12-27 14:43:08.538000,116.77,116.79,1829925,,34988
2022-12-27 14:43:09.043000,,116.8,1829995,,
2022-12-27 14:43:09.551000,116.72,116.76,1830446,,34989
2022-12-27 14:43:10.077000,116.71,116.75,1830946,,
2022-12-27 14:43:10.624000,116.7,116.74,1835650,,34990
2022-12-27 14:43:11.144000,116.73,116.76,1835738,,
2022-12-27 14:43:11.674000,,116.77,1836439,,34991
2022-12-27 14:43:12.179000,116.74,,1836494,,34992
2022-12-27 14:43:12.687000,116.76,,1838783,,
2022-12-27 14:43:13.203000,116.78,116.8,1840333,,34993
2022-12-27 14:43:13.730000,,,1840841,,
2022-12-27 14:43:14.231000,116.74,116.76,1843668,,34994
2022-12-27 14:43:14.738000,116.7,116.73,1846274,,
2022-12-27 14:43:15.266000,116.73,116.77,,,34995
2022-12-27 14:43:15.777000,116.77,116.8,1846308,,
2022-12-27 14:43:16.306000,,,1846571,,34996
2022-12-27 14:43:16.808000,116.79,116.83,1846975,,
2022-12-27 14:43:17.313000,,116.82,1847016,,34997
2022-12-27 14:43:17.852000,116.78,,1847216,,
2022-12-27 14:43:18.366000,,116.81,,,34998
2022-12-27 14:43:18.882000,,,1847252,,
2022-12-27 14:43:19.415000,116.73,116.75,1847596,,34999
2022-12-27 14:43:19.916000,,116.76,1847599,,
2022-12-27 14:43:20.437000,,116.75,1847631,,35000
2022-12-27 14:43:20.955000,116.7,116.73,1848247,,
2022-12-27 14:43:21.473000,116.72,116.77,1848934,,35001
2022-12-27 14:43:22.017000,116.7,116.74,,,
2022-12-27 14:43:22.520000,,116.73,,,35002
2022-12-27 14:43:23.022000,,116.75,1848935,,
2022-12-27 14:43:23.549000,,,1848985,,35003
2022-12-27 14:43:24.069000,,116.74,1849035,,
2022-12-27 14:43:24.571000,116.72,116.75,1849146,,
2022-12-27 14:43:25.098000,116.74,116.78,1850697,,35004
2022-12-27 14:43:25.607000,116.76,,1850698,,35005
2022-12-27 14:43:26.153000,116.72,116.75,1851059,,35006
2022-12-27 14:43:26.681000,116.71,116.74,1851080,,
2022-12-27 14:43:27.189000,,116.73,1852081,,
2022-12-27 14:43:27.705000,,,1853108,,35007
2022-12-27 14:43:28.251000,,,1853109,,
2022-12-27 14:43:28.792000,116.7,116.71,1853436,,35008
2022-12-27 14:43:29.308000,,116.74,1853867,,
2022-12-27 14:43:29.852000,,,,,35009
2022-12-27 14:43:30.376000,,116.73,1854067,,
2022-12-27 14:43:30.888000,116.75,116.78,1855004,,35010
2022-12-27 14:43:31.403000,,,1860732,,35011
2022-12-27 14:43:31.931000,116.72,116.75,1864515,,
2022-12-27 14:43:32.438000,116.75,116.78,1864521,,35012
2022-12-27 14:43:32.960000,,,1864621,,
2022-12-27 14:43:33.468000,116.76,,1864641,,
2022-12-27 14:43:33.982000,116.78,116.79,1865548,,35013
2022-12-27 14:43:34.501000,116.79,116.82,1865894,,35014
2022-12-27 14:43:35.005000,116.77,116.81,1866486,,
2022-12-27 14:43:35.520000,,116.8,,,35015
2022-12-27 14:43:36.023000,116.74,116.76,1866546,,
2022-12-27 14:43:36.557000,116.73,,1868051,,35016
2022-12-27 14:43:37.087000,116.74,,1871251,,
2022-12-27 14:43:37.603000,116.68,116.7,1883621,,35017
2022-12-27 14:43:38.118000,116.66,116.68,1884384,,
2022-12-27 14:43:38.646000,116.63,116.66,1884797,,35018
2022-12-27 14:43:39.183000,116.62,116.65,1885375,,
2022-12-27 14:43:39.689000,,,1885605,,35019
2022-12-27 14:43:40.204000,,,1885908,,35020
2022-12-27 14:43:40.739000,,,1885919,,
2022-12-27 14:43:41.282000,116.61,116.64,1885976,,35021
2022-12-27 14:43:41.808000,116.63,116.66,1886135,,
2022-12-27 14:43:42.322000,116.62,,1886146,,35022
2022-12-27 14:43:42.841000,116.6,116.63,1889499,,
2022-12-27 14:43:43.363000,,116.64,1889505,,35023
2022-12-27 14:43:43.904000,116.65,116.67,1890682,,
2022-12-27 14:43:44.446000,,,1890814,,35024
2022-12-27 14:43:44.985000,116.63,,1891765,,
2022-12-27 14:43:45.529000,116.64,,,,35025
2022-12-27 14:43:46.042000,,116.68,1891828,,
2022-12-27 14:43:46.557000,116.65,,1891957,,35026
2022-12-27 14:43:47.102000,116.62,116.66,1892163,,
2022-12-27 14:43:47.617000,116.64,,1892327,,35027
2022-12-27 14:43:48.162000,116.58,116.62,1892872,,
2022-12-27 14:43:48.690000,116.54,116.58,1893164,,35028
2022-12-27 14:43:49.207000,116.58,116.61,1893266,,
2022-12-27 14:43:49.729000,116.56,116.57,1893361,,35029
2022-12-27 14:43:50.241000,,,1893372,,
2022-12-27 14:43:50.743000,,116.59,1895219,,35030
2022-12-27 14:43:51.257000,,116.6,1896656,,35031
2022-12-27 14:43:51.761000,116.59,,1897085,,
2022-12-27 14:43:52.268000,116.58,,1897086,,
2022-12-27 14:43:52.770000,116.57,116.58,1897701,,35032
2022-12-27 14:43:53.295000,,116.6,1898605,,35033
2022-12-27 14:43:53.807000,116.61,116.64,1905257,,
2022-12-27 14:43:54.308000,,,1905557,,35034
2022-12-27 14:43:54.831000,,116.65,1905685,,
2022-12-27 14:43:55.368000,116.62,,,,35035
2022-12-27 14:43:55.887000,,,1905689,,
2022-12-27 14:43:56.431000,116.67,116.7,1907319,,35036
2022-12-27 14:43:56.974000,116.68,116.71,1907521,,
2022-12-27 14:43:57.500000,116.69,116.73,1908537,,35037
2022-12-27 14:43:58.021000,116.7,,1908654,,
2022-12-27 14:43:58.551000,116.71,,1908916,,35038
2022-12-27 14:43:59.060000,,,1908929,,
2022-12-27 14:43:59.581000,116.7,,1913448,,35039
2022-12-27 14:44:00.122000,116.73,116.76,1914456,,
2022-12-27 14:44:00.638000,116.71,116.74,1914584,,35040
2022-12-27 14:44:01.153000,,,1914985,,
2022-12-27 14:44:01.681000,,116.75,1915685,,35041
2022-12-27 14:44:02.198000,116.72,,1916035,,
2022-12-27 14:44:02.712000,116.73,116.76,1916536,,35042
2022-12-27 14:44:03.221000,116.72,,1916544,,35043
2022-12-27 14:44:03.730000,,,1916558,,
2022-12-27 14:44:04.253000,116.73,,1916659,,35044
2022-12-27 14:44:04.763000,116.72,,1917218,,
2022-12-27 14:44:05.265000,,116.75,,,35045
2022-12-27 14:44:05.799000,116.75,116.76,1917524,,
2022-12-27 14:44:06.322000,116.74,,1917825,,35046
2022-12-27 14:44:06.911000,,,1917875,,
2022-12-27 14:44:07.456000,116.73,,1918275,,35047
2022-12-27 14:44:07.994000,116.74,,1918465,,
2022-12-27 14:44:08.519000,116.77,116.78,1918975,,35048
2022-12-27 14:44:09.053000,,116.79,1919686,,
2022-12-27 14:44:09.569000,,,,,35049
2022-12-27 14:44:10.090000,116.76,,1920013,,
2022-12-27 14:44:10.613000,116.75,116.76,1920113,,35050
2022-12-27 14:44:11.146000,116.69,116.72,1922280,,
2022-12-27 14:44:11.709000,116.73,116.76,1926898,,35051
2022-12-27 14:44:12.226000,116.76,116.78,1926998,,35052
2022-12-27 14:44:12.773000,,116.79,1927273,,
2022-12-27 14:44:13.292000,116.75,116.76,1927866,,35053
2022-12-27 14:44:13.810000,116.73,116.77,1930387,,
2022-12-27 14:44:14.346000,116.74,,1930544,,35054
2022-12-27 14:44:14.848000,116.73,,,,
2022-12-27 14:44:15.376000,116.75,,,,
2022-12-27 14:44:15.905000,,116.78,1930603,,35055
2022-12-27 14:44:16.659000,116.74,116.77,,,35056
2022-12-27 14:44:17.161000,116.75,,1930833,,
2022-12-27 14:44:17.664000,116.76,116.78,1930984,,35057
2022-12-27 14:44:18.201000,,,1931036,,
2022-12-27 14:44:18.714000,,,1931104,,35058
2022-12-27 14:44:19.242000,116.71,116.76,1931669,,35059
2022-12-27 14:44:19.765000,116.72,116.77,1931671,,
2022-12-27 14:44:20.304000,116.73,116.76,1931676,,35060
2022-12-27 14:44:21.166000,116.75,116.77,1932987,,35061
2022-12-27 14:44:21.682000,116.74,,1934930,,
2022-12-27 14:44:22.190000,,116.76,1935030,,35062
2022-12-27 14:44:22.714000,116.76,116.78,1935874,,
2022-12-27 14:44:23.254000,116.75,116.77,1936022,,35063
2022-12-27 14:44:23.786000,116.76,116.78,1936039,,
2022-12-27 14:44:24.305000,,,1936057,,
2022-12-27 14:44:24.811000,,,1936062,,
2022-12-27 14:44:25.333000,116.73,116.77,1939001,,35065
2022-12-27 14:44:25.836000,116.71,116.73,1939238,,
2022-12-27 14:44:26.343000,,,,,35066
2022-12-27 14:44:26.855000,116.75,116.78,1940100,,
2022-12-27 14:44:27.445000,,,1940150,,
2022-12-27 14:44:27.949000,,,1940256,,35067
2022-12-27 14:44:28.479000,,116.77,1940258,,
2022-12-27 14:44:29.021000,116.71,116.74,1941209,,35068
2022-12-27 14:44:29.529000,,,1941328,,35069
2022-12-27 14:44:30.037000,116.72,116.75,1941331,,
2022-12-27 14:44:30.560000,116.71,116.74,,,35070
2022-12-27 14:44:31.172000,,,1942331,,
2022-12-27 14:44:31.682000,,,1942333,,
2022-12-27 14:44:32.183000,,116.75,1943998,,35072
2022-12-27 14:44:32.727000,116.72,,1944019,,
2022-12-27 14:44:33.242000,116.71,,1944050,,35073
2022-12-27 14:44:33.782000,116.73,,1944051,,
2022-12-27 14:44:34.290000,116.75,116.77,1944388,,
2022-12-27 14:44:34.828000,116.77,116.79,1953797,,35074
2022-12-27 14:44:35.348000,116.75,116.78,1954188,,35075
2022-12-27 14:44:35.865000,,116.79,1956590,,
2022-12-27 14:44:36.366000,116.71,116.74,1960468,,35076
2022-12-27 14:44:36.909000,116.72,116.75,1964631,,
2022-12-27 14:44:37.419000,116.76,116.79,1964823,,35077
2022-12-27 14:44:37.922000,116.75,116.78,1965303,,
2022-12-27 14:44:38.436000,116.77,116.79,1966529,,35078
2022-12-27 14:44:38.974000,116.74,116.76,1967854,,
2022-12-27 14:44:39.517000,,,1968001,,
2022-12-27 14:44:40.023000,116.75,116.78,1968503,,35079
2022-12-27 14:44:40.532000,116.79,116.81,1969436,,35080
2022-12-27 14:44:41.068000,,,1970708,,
2022-12-27 14:44:41.587000,116.8,116.82,1971208,,35081
2022-12-27 14:44:42.088000,116.81,116.85,1971422,,
2022-12-27 14:44:42.628000,116.82,,1972124,,35082
2022-12-27 14:44:43.152000,116.81,,1973035,,
2022-12-27 14:44:43.661000,,,1973227,,35083
2022-12-27 14:44:44.180000,,,1973330,,
2022-12-27 14:44:44.697000,,116.84,1974510,,35084
2022-12-27 14:44:45.211000,,,1975061,,
2022-12-27 14:44:45.736000,116.82,116.85,1975086,,35085
2022-12-27 14:44:46.252000,,,1975387,,
2022-12-27 14:44:46.797000,,,,,35086
2022-12-27 14:44:47.304000,,,1975388,,
2022-12-27 14:44:47.835000,,,1976238,,35087
2022-12-27 14:44:48.352000,,,1976258,,
2022-12-27 14:44:48.856000,,,1976463,,35088
2022-12-27 14:44:49.366000,,,1976763,,
2022-12-27 14:44:49.867000,,,1976936,,35089
2022-12-27 14:44:50.369000,,,1977301,,
2022-12-27 14:44:50.875000,116.81,,1978611,,35090
2022-12-27 14:44:51.397000,,116.83,1980323,,
2022-12-27 14:44:51.937000,116.82,116.85,1982974,,35091
2022-12-27 14:44:52.471000,116.85,116.87,1983562,,35092
2022-12-27 14:44:53.003000,116.86,116.9,1983794,,
2022-12-27 14:44:53.506000,,,1983873,,35093
2022-12-27 14:44:54.015000,,116.89,1984072,,
2022-12-27 14:44:54.534000,,116.88,,,35094
2022-12-27 14:44:55.053000,116.76,116.78,1993857,,
2022-12-27 14:44:55.576000,116.8,116.83,1994776,,35095
2022-12-27 14:44:56.129000,,116.82,1994833,,
2022-12-27 14:44:56.660000,116.83,116.85,1997228,,35096
2022-12-27 14:44:57.175000,116.82,116.84,1997436,,35097
2022-12-27 14:44:57.712000,,116.85,1997536,,
2022-12-27 14:44:58.258000,,116.84,1997786,,35098
2022-12-27 14:44:58.764000,,,1997986,,
2022-12-27 14:44:59.296000,,116.85,1998097,,35099
2022-12-27 14:44:59.827000,116.83,,1998313,,
2022-12-27 14:45:00.367000,,,1998437,,
2022-12-27 14:45:00.891000,116.81,116.82,1999206,,35100
2022-12-27 14:45:01.423000,116.77,116.79,2005690,,35101
2022-12-27 14:45:01.927000,116.79,116.82,2007719,,
2022-12-27 14:45:02.450000,116.8,116.83,2009735,,35102
2022-12-27 14:45:02.968000,,,2009740,,
2022-12-27 14:45:03.492000,,116.82,,,35103
2022-12-27 14:45:04.006000,116.81,116.83,2011539,,
2022-12-27 14:45:04.509000,,,2011570,,35104
2022-12-27 14:45:05.020000,116.8,,2011621,,
2022-12-27 14:45:05.625000,,116.81,2013489,,35105
2022-12-27 14:45:06.157000,,116.83,2013500,,
2022-12-27 14:45:06.661000,,,2013508,,35106
2022-12-27 14:45:07.172000,,,2013509,,
2022-12-27 14:45:07.716000,116.83,116.85,2014382,,35107
2022-12-27 14:45:08.245000,116.8,116.84,2014413,,35108
2022-12-27 14:45:08.753000,,116.82,2014513,,
2022-12-27 14:45:09.291000,,,2017240,,35109
2022-12-27 14:45:09.814000,,116.83,2017241,,
2022-12-27 14:45:10.362000,116.81,,2017242,,35110
2022-12-27 14:45:10.871000,116.8,,2017378,,
2022-12-27 14:45:11.392000,116.78,116.79,2018067,,35111
2022-12-27 14:45:11.938000,116.8,116.83,2018827,,
2022-12-27 14:45:12.448000,116.79,116.82,2021243,,35112
2022-12-27 14:45:12.973000,116.74,116.77,2026938,,
2022-12-27 14:45:13.508000,116.72,116.76,2036358,,35113
2022-12-27 14:45:14.011000,116.76,116.79,2038566,,
2022-12-27 14:45:14.535000,116.79,116.82,2043227,,35114
2022-12-27 14:45:15.056000,116.77,116.8,2043685,,
2022-12-27 14:45:15.574000,116.79,116.81,2044737,,35115
2022-12-27 14:45:16.085000,116.8,116.82,2046175,,
2022-12-27 14:45:16.607000,116.79,,2046356,,35116
2022-12-27 14:45:17.112000,116.78,116.81,2048265,,
2022-12-27 14:45:17.622000,116.79,116.82,2048266,,35117
2022-12-27 14:45:18.166000,,,2048287,,
2022-12-27 14:45:18.700000,,116.83,2051403,,35118
2022-12-27 14:45:19.225000,116.78,116.82,2052228,,35119
2022-12-27 14:45:19.762000,116.79,,2053979,,
2022-12-27 14:45:20.267000,116.78,,2056105,,35120
2022-12-27 14:45:20.785000,,116.81,2056748,,
2022-12-27 14:45:21.288000,116.79,,2056950,,35121
2022-12-27 14:45:21.809000,116.78,116.8,2057694,,
2022-12-27 14:45:22.340000,,116.81,2057794,,35122
2022-12-27 14:45:22.857000,,,2057944,,
2022-12-27 14:45:23.359000,116.8,116.83,2058059,,35123
2022-12-27 14:45:23.860000,116.79,116.82,2058291,,
2022-12-27 14:45:24.395000,116.8,116.83,2058547,,35124
2022-12-27 14:45:24.912000,116.81,,2058857,,
2022-12-27 14:45:25.436000,116.77,116.8,2064718,,35125
2022-12-27 14:45:25.969000,116.75,116.79,2067871,,
2022-12-27 14:45:26.487000,,,2070935,,35126
2022-12-27 14:45:27.029000,116.73,116.77,2072169,,
2022-12-27 14:45:27.533000,116.76,116.79,2073815,,35127
2022-12-27 14:45:28.066000,116.75,116.78,2074011,,
2022-12-27 14:45:28.608000,116.76,116.79,2074061,,35128
2022-12-27 14:45:29.150000,,116.78,2074261,,
2022-12-27 14:45:29.688000,116.75,,2076754,,35129
2022-12-27 14:45:30.206000,116.76,,2076935,,35130
2022-12-27 14:45:30.752000,116.73,116.75,2079213,,
2022-12-27 14:45:31.276000,116.66,116.69,2080627,,35131
2022-12-27 14:45:31.785000,116.56,116.59,2082065,,
2022-12-27 14:45:32.310000,,116.58,2085351,,35132
2022-12-27 14:45:32.812000,,116.59,2086802,,
2022-12-27 14:45:33.330000,,116.61,2087598,,35133
2022-12-27 14:45:33.871000,,116.58,2087917,,
2022-12-27 14:45:34.396000,,,2089354,,35134
2022-12-27 14:45:34.928000,,,2091043,,
2022-12-27 14:45:35.440000,,,2091058,,35135
2022-12-27 14:45:35.968000,116.54,116.56,2093116,,
2022-12-27 14:45:36.491000,116.53,116.55,2093417,,35136
2022-12-27 14:45:37.015000,,,2094085,,
2022-12-27 14:45:37.549000,116.48,116.5,2096602,,35137
2022-12-27 14:45:38.052000,116.47,,2096676,,
2022-12-27 14:45:38.583000,116.48,116.52,2098069,,35138
2022-12-27 14:45:39.091000,,,2099104,,
2022-12-27 14:45:39.596000,,116.49,2102952,,35139
2022-12-27 14:45:40.105000,116.49,116.51,2104882,,
2022-12-27 14:45:40.616000,,,2105493,,35140
2022-12-27 14:45:41.207000,116.45,116.47,2107945,,35141
2022-12-27 14:45:41.713000,116.43,116.46,2111403,,
2022-12-27 14:45:42.216000,,,2111992,,
2022-12-27 14:45:42.726000,116.45,116.49,2113687,,35142
2022-12-27 14:45:43.229000,116.43,116.47,2113702,,35143
2022-12-27 14:45:43.757000,116.42,116.46,2116549,,
2022-12-27 14:45:44.272000,116.46,116.49,2118130,,35144
2022-12-27 14:45:44.798000,116.42,116.45,2118171,,
2022-12-27 14:45:45.321000,116.39,116.43,2118797,,35145
2022-12-27 14:45:45.861000,,116.42,2121161,,
2022-12-27 14:45:46.365000,,,2121461,,
2022-12-27 14:45:46.872000,,116.41,2121561,,35146
2022-12-27 14:45:47.381000,,,2122123,,35147
2022-12-27 14:45:47.886000,,,2122124,,
2022-12-27 14:45:48.414000,,116.4,2122200,,35148
2022-12-27 14:45:48.920000,116.38,116.39,2123041,,
2022-12-27 14:45:49.428000,,116.41,2123328,,35149
2022-12-27 14:45:49.953000,116.39,,2124378,,
2022-12-27 14:45:50.498000,116.4,116.43,2125892,,35150
2022-12-27 14:45:51.039000,,116.42,2128158,,
2022-12-27 14:45:51.555000,116.43,116.45,2133065,,35151
2022-12-27 14:45:52.065000,,,2135185,,
2022-12-27 14:45:52.582000,116.39,116.41,2136508,,35152
2022-12-27 14:45:53.103000,116.37,116.39,2137856,,
2022-12-27 14:45:53.627000,,,2137956,,35153
2022-12-27 14:45:54.137000,,,2138156,,
2022-12-27 14:45:54.679000,116.35,116.37,2138419,,35154
2022-12-27 14:45:55.219000,116.36,116.38,2140074,,
2022-12-27 14:45:55.727000,116.33,116.37,2141045,,35155
2022-12-27 14:45:56.231000,116.38,116.41,2141431,,35156
2022-12-27 14:45:56.765000,116.4,116.43,2145479,,
2022-12-27 14:45:57.289000,116.39,116.41,2146662,,35157
2022-12-27 14:45:57.812000,,116.43,2147198,,
2022-12-27 14:45:58.355000,116.4,116.42,2147368,,35158
2022-12-27 14:45:58.873000,,,2147369,,
2022-12-27 14:45:59.509000,116.41,116.45,2147969,,35159
2022-12-27 14:46:00.050000,116.42,,2148034,,
2022-12-27 14:46:00.556000,,,2148067,,35160
2022-12-27 14:46:01.093000,116.46,116.49,2152032,,
2022-12-27 14:46:01.598000,116.42,116.44,2152275,,35161
2022-12-27 14:46:02.107000,116.41,,2153638,,
2022-12-27 14:46:02.626000,116.42,116.45,2154141,,35162
2022-12-27 14:46:03.146000,,116.43,2154251,,
2022-12-27 14:46:03.666000,116.45,116.47,2155201,,35163
2022-12-27 14:46:04.184000,116.43,,2155721,,
2022-12-27 14:46:04.700000,116.41,116.44,2156151,,35164
2022-12-27 14:46:05.201000,116.42,116.45,2156339,,
2022-12-27 14:46:05.712000,116.43,116.46,2156344,,35165
2022-12-27 14:46:06.237000,116.46,116.48,2157257,,35166
2022-12-27 14:46:06.747000,,116.49,2157362,,
2022-12-27 14:46:07.279000,116.45,116.47,2157372,,35167
2022-12-27 14:46:07.810000,116.44,,2157961,,
2022-12-27 14:46:08.343000,116.52,116.53,2158365,,35168
2022-12-27 14:46:08.848000,116.45,116.48,2159383,,
2022-12-27 14:46:09.388000,116.47,116.49,2162383,,35169
2022-12-27 14:46:09.910000,,116.51,2162482,,
2022-12-27 14:46:10.428000,,116.49,2163571,,35170
2022-12-27 14:46:10.951000,,116.5,2163588,,
2022-12-27 14:46:11.469000,116.48,116.52,2163995,,35171
2022-12-27 14:46:12.007000,,116.49,2164015,,
2022-12-27 14:46:12.520000,116.47,116.5,2164040,,35172
2022-12-27 14:46:13.065000,116.48,,2164248,,
2022-12-27 14:46:13.582000,,,2164611,,35173
2022-12-27 14:46:14.100000,,116.52,2165014,,
2022-12-27 14:46:14.617000,116.47,116.5,2165123,,35174
2022-12-27 14:46:15.159000,,,2165146,,
2022-12-27 14:46:15.698000,,,2165147,,
2022-12-27 14:46:16.221000,,,2165148,,35175
2022-12-27 14:46:16.756000,,,2165781,,35176
2022-12-27 14:46:17.258000,116.48,116.51,2166237,,35177
2022-12-27 14:46:17.762000,,,2166264,,
2022-12-27 14:46:18.308000,,116.5,2166678,,
2022-12-27 14:46:18.830000,,116.51,2167061,,35178
2022-12-27 14:46:19.343000,,116.5,2167263,,35179
2022-12-27 14:46:19.872000,116.51,116.53,2171616,,
2022-12-27 14:46:20.378000,,116.54,2173255,,35180
2022-12-27 14:46:20.906000,116.54,116.56,2174596,,
2022-12-27 14:46:21.437000,,116.55,2177815,,35181
2022-12-27 14:46:21.961000,116.5,116.51,2178488,,
2022-12-27 14:46:22.462000,116.49,116.5,2179209,,35182
2022-12-27 14:46:22.981000,116.47,116.49,2179743,,
2022-12-27 14:46:23.500000,116.5,116.52,2180164,,35183
2022-12-27 14:46:24.070000,,,2180266,,
2022-12-27 14:46:24.608000,,,2180805,,
2022-12-27 14:46:25.152000,116.48,116.51,2184759,,35184
2022-12-27 14:46:25.660000,116.47,116.5,,,35185
2022-12-27 14:46:26.189000,,,2185160,,
2022-12-27 14:46:26.698000,116.49,116.53,2185396,,35186
2022-12-27 14:46:27.206000,,116.5,2185878,,
2022-12-27 14:46:27.743000,116.5,116.52,2186094,,35187
2022-12-27 14:46:28.264000,116.48,116.5,2186708,,35188
2022-12-27 14:46:28.795000,116.47,,2186779,,
2022-12-27 14:46:29.325000,,,2186781,,35189
2022-12-27 14:46:29.861000,,116.49,,,
2022-12-27 14:46:30.364000,,,2186783,,
2022-12-27 14:46:30.886000,116.48,116.52,2189243,,35190
2022-12-27 14:46:31.395000,116.49,116.53,2189443,,35191
2022-12-27 14:46:31.942000,116.48,116.5,2190097,,
2022-12-27 14:46:32.476000,116.49,116.51,2190497,,
2022-12-27 14:46:32.989000,,116.5,2190556,,35192
2022-12-27 14:46:33.523000,116.5,116.52,2190956,,35193
2022-12-27 14:46:34.065000,116.51,,,,
2022-12-27 14:46:34.575000,116.48,116.51,2191161,,35194
2022-12-27 14:46:35.099000,,,2191162,,
2022-12-27 14:46:35.617000,,,2191163,,35195
2022-12-27 14:46:36.135000,,116.5,,,
2022-12-27 14:46:36.735000,,,2191308,,35196
2022-12-27 14:46:37.263000,,,2191362,,
2022-12-27 14:46:37.793000,,,2192212,,35197
2022-12-27 14:46:38.321000,,116.51,2192213,,35198
2022-12-27 14:46:38.841000,,116.5,2192227,,
2022-12-27 14:46:39.382000,,116.51,2192427,,35199
2022-12-27 14:46:39.902000,,,2196742,,
2022-12-27 14:46:40.415000,116.49,,2196952,,35200
2022-12-27 14:46:40.923000,,,2198244,,
2022-12-27 14:46:41.430000,116.47,,2200245,,35201
2022-12-27 14:46:41.948000,116.49,116.52,2200901,,
2022-12-27 14:46:42.451000,116.51,116.53,2200902,,35202
2022-12-27 14:46:42.968000,116.53,116.56,2201314,,
2022-12-27 14:46:43.475000,116.54,116.55,2201451,,35203
2022-12-27 14:46:44.000000,,,2201982,,
2022-12-27 14:46:44.773000,116.53,116.54,2202690,,35204
2022-12-27 14:46:45.284000,116.54,116.56,2205323,,35205
2022-12-27 14:46:45.788000,116.55,116.57,2207761,,
2022-12-27 14:46:46.311000,116.54,,2207811,,35206
2022-12-27 14:46:47.021000,,,2207812,,
2022-12-27 14:46:47.525000,116.55,,2207841,,35207
2022-12-27 14:46:48.061000,,,2208441,,
2022-12-27 14:46:48.596000,116.57,116.59,2208897,,35208
2022-12-27 14:46:49.136000,116.58,,2209247,,
2022-12-27 14:46:49.671000,,116.6,2209276,,35209
2022-12-27 14:46:50.210000,,,2209377,,
2022-12-27 14:46:50.738000,,116.59,2209795,,35210
2022-12-27 14:46:51.263000,,116.6,2210504,,35211
2022-12-27 14:46:51.803000,116.54,116.56,2212005,,
2022-12-27 14:46:52.307000,,,2213246,,35212
2022-12-27 14:46:52.823000,116.52,116.53,2213881,,
2022-12-27 14:46:53.360000,116.51,116.52,2214464,,35213
2022-12-27 14:46:53.906000,,,2214466,,
2022-12-27 14:46:54.452000,116.5,,2215066,,35214
2022-12-27 14:46:54.993000,116.53,116.54,2215268,,
2022-12-27 14:46:55.559000,,116.55,2216269,,35215
2022-12-27 14:46:56.060000,116.55,116.59,2218347,,
2022-12-27 14:46:56.596000,116.56,,2218397,,35216
2022-12-27 14:46:57.112000,116.57,116.6,2219104,,
2022-12-27 14:46:57.642000,116.58,,2219836,,35217
2022-12-27 14:46:58.180000,116.54,116.57,2220286,,
2022-12-27 14:46:58.725000,,,2220292,,
2022-12-27 14:46:59.227000,116.53,,2220302,,35218
2022-12-27 14:46:59.750000,116.54,116.59,2220602,,35219
2022-12-27 14:47:00.283000,116.55,116.57,2220641,,35220
2022-12-27 14:47:00.797000,,,2220742,,
2022-12-27 14:47:01.322000,,116.59,2221243,,35221
2022-12-27 14:47:01.864000,,116.57,,,
2022-12-27 14:47:02.375000,,,2221361,,35222
2022-12-27 14:47:02.901000,,,2221902,,
2022-12-27 14:47:03.418000,,,2221967,,
2022-12-27 14:47:03.927000,,,2222027,,35223
2022-12-27 14:47:04.465000,116.54,,2222316,,35224
2022-12-27 14:47:04.970000,116.53,116.55,2223496,,
2022-12-27 14:47:05.482000,116.47,116.51,2226267,,35225
2022-12-27 14:47:06.021000,116.49,116.53,2226891,,
2022-12-27 14:47:06.540000,116.48,116.5,2230713,,35226
2022-12-27 14:47:07.058000,116.51,116.55,2231552,,
2022-12-27 14:47:07.577000,116.52,,2231610,,35227
2022-12-27 14:47:08.097000,,116.53,2231615,,
2022-12-27 14:47:08.640000,,,2231856,,
2022-12-27 14:47:09.164000,116.49,116.51,2232700,,35228
2022-12-27 14:47:09.680000,116.51,116.55,2233721,,35229
2022-12-27 14:47:10.214000,116.52,,2233722,,
2022-12-27 14:47:10.749000,116.54,116.56,2234322,,35230
2022-12-27 14:47:11.262000,116.57,116.6,2235842,,35231
2022-12-27 14:47:11.785000,116.58,116.61,,,
2022-12-27 14:47:12.321000,,116.6,2235957,,35232
2022-12-27 14:47:12.822000,,116.61,2236005,,
2022-12-27 14:47:13.326000,,,2236158,,35233
2022-12-27 14:47:13.860000,,,2236249,,
2022-12-27 14:47:14.403000,,,2238149,,
2022-12-27 14:47:14.943000,,116.62,2238150,,35234
2022-12-27 14:47:15.487000,,116.61,2238152,,35235
2022-12-27 14:47:15.988000,116.57,116.59,2238871,,
2022-12-27 14:47:16.493000,,,2243452,,
2022-12-27 14:47:17.028000,,,2244464,,
2022-12-27 14:47:17.549000,,,2244664,,
2022-12-27 14:47:18.260000,116.52,116.56,2246545,,35238
2022-12-27 14:47:18.787000,116.54,116.57,2247091,,
2022-12-27 14:47:19.331000,,,2247092,,
2022-12-27 14:47:19.851000,,,,,35239
2022-12-27 14:47:20.361000,,,2247097,,
2022-12-27 14:47:20.886000,116.5,116.53,2247461,,35240
2022-12-27 14:47:21.404000,116.48,116.51,2248153,,35241
2022-12-27 14:47:21.918000,116.5,116.52,2248554,,
2022-12-27 14:47:22.435000,116.52,116.54,2248660,,35242
2022-12-27 14:47:23.002000,,,2248661,,
2022-12-27 14:47:23.520000,,,2248813,,35243
2022-12-27 14:47:24.058000,116.51,116.52,2249014,,
2022-12-27 14:47:24.561000,,116.54,2249075,,35244
2022-12-27 14:47:25.106000,,,2249175,,
2022-12-27 14:47:25.618000,,,2249185,,35245
2022-12-27 14:47:26.119000,116.53,116.56,2250011,,
2022-12-27 14:47:26.657000,,,,,35246
2022-12-27 14:47:27.168000,116.51,116.53,2251150,,
2022-12-27 14:47:27.692000,,116.52,2251180,,35247
2022-12-27 14:47:28.227000,,,2253614,,
2022-12-27 14:47:28.746000,116.48,116.5,2254251,,35248
2022-12-27 14:47:29.289000,,,2254452,,
2022-12-27 14:47:29.813000,,,2254453,,35249
2022-12-27 14:47:30.347000,116.5,116.52,2254574,,35250
2022-12-27 14:47:30.865000,116.51,116.53,2255152,,
2022-12-27 14:47:31.406000,116.55,116.58,2255960,,35251
2022-12-27 14:47:31.937000,116.56,,2256060,,
2022-12-27 14:47:32.464000,116.55,116.57,2257120,,35252
2022-12-27 14:47:33.006000,116.5,116.54,2257513,,
2022-12-27 14:47:33.512000,116.51,116.55,2257835,,35253
2022-12-27 14:47:34.035000,,,2257936,,
2022-12-27 14:47:34.574000,,,2258037,,
2022-12-27 14:47:35.117000,116.53,,2258842,,35254
2022-12-27 14:47:35.631000,116.54,116.56,2258946,,35255
2022-12-27 14:47:36.161000,116.55,116.57,2259893,,
2022-12-27 14:47:36.693000,,116.58,2259993,,35256
2022-12-27 14:47:37.272000,,116.57,,,35257
2022-12-27 14:47:37.774000,,,2260018,,
2022-12-27 14:47:38.289000,,,2260068,,35258
2022-12-27 14:47:38.804000,,116.58,2260069,,
2022-12-27 14:47:39.308000,116.56,,2260070,,
2022-12-27 14:47:39.825000,,,2260346,,35259
2022-12-27 14:47:40.369000,116.55,116.57,2262092,,
2022-12-27 14:47:40.897000,116.56,116.58,2263613,,35260
2022-12-27 14:47:41.420000,116.55,,2263992,,35261
2022-12-27 14:47:41.944000,116.56,,2264433,,
2022-12-27 14:47:42.484000,116.55,,,,35262
2022-12-27 14:47:43.015000,116.56,,2264501,,
2022-12-27 14:47:43.537000,116.54,116.55,2266108,,35263
2022-12-27 14:47:44.039000,116.55,116.58,2266210,,
2022-12-27 14:47:44.574000,,,2266261,,35264
2022-12-27 14:47:45.076000,,116.57,2266315,,
2022-12-27 14:47:45.595000,,,2266995,,35265
2022-12-27 14:47:46.127000,116.56,116.58,2267357,,
2022-12-27 14:47:46.640000,116.57,116.6,2268586,,35266
2022-12-27 14:47:47.142000,116.58,,2268637,,
2022-12-27 14:47:47.771000,,,2268646,,
2022-12-27 14:47:48.527000,116.6,116.61,2270089,,35268
2022-12-27 14:47:49.051000,116.55,116.58,2271321,,
2022-12-27 14:47:49.566000,,,2271437,,35269
2022-12-27 14:47:50.075000,,,2271439,,
2022-12-27 14:47:50.588000,116.58,116.6,2271440,,35270
2022-12-27 14:47:51.092000,116.57,116.59,2272024,,
2022-12-27 14:47:51.626000,116.55,116.57,2272808,,35271
2022-12-27 14:47:52.148000,,,2272858,,
2022-12-27 14:47:52.670000,,116.58,2272867,,35272
2022-12-27 14:47:53.181000,116.58,116.59,2273913,,
2022-12-27 14:47:53.711000,,,2273945,,35273
2022-12-27 14:47:54.217000,,,2273949,,
2022-12-27 14:47:54.721000,,,2273973,,35274
2022-12-27 14:47:55.224000,,,2273974,,
2022-12-27 14:47:55.749000,116.6,116.63,2274952,,35275
2022-12-27 14:47:56.253000,,116.62,2275090,,
2022-12-27 14:47:56.799000,116.61,116.63,2275592,,35276
2022-12-27 14:47:57.329000,,,2276407,,35277
2022-12-27 14:47:57.854000,,116.62,2277010,,
2022-12-27 14:47:58.387000,,,2277118,,
2022-12-27 14:47:58.910000,116.55,116.57,2278154,,35278
2022-12-27 14:47:59.453000,,116.56,2278164,,
2022-12-27 14:47:59.956000,116.54,,2278414,,35279
2022-12-27 14:48:00.467000,116.52,116.54,2279189,,35280
2022-12-27 14:48:00.990000,116.48,116.49,2283304,,
2022-12-27 14:48:01.491000,,116.5,2284959,,35281
2022-12-27 14:48:02.003000,,,2288161,,
2022-12-27 14:48:02.545000,116.5,116.52,2289451,,35282
2022-12-27 14:48:03.067000,116.53,116.55,2290923,,
2022-12-27 14:48:03.593000,,116.56,2290948,,35283
2022-12-27 14:48:04.102000,116.49,116.53,2291053,,
2022-12-27 14:48:04.613000,116.5,,2291054,,35284
2022-12-27 14:48:05.157000,116.48,116.5,2291606,,
2022-12-27 14:48:05.665000,,,2292183,,35285
2022-12-27 14:48:06.182000,116.45,116.47,2293726,,35286
2022-12-27 14:48:06.684000,116.47,116.5,2295138,,
2022-12-27 14:48:07.196000,116.48,116.51,2295139,,
2022-12-27 14:48:07.728000,,116.5,2295160,,35287
2022-12-27 14:48:08.280000,,,2295365,,35288
2022-12-27 14:48:08.821000,116.45,116.48,2297333,,
2022-12-27 14:48:09.326000,116.42,116.45,2299437,,35289
2022-12-27 14:48:09.844000,116.44,116.47,2300187,,
2022-12-27 14:48:10.360000,116.46,116.48,2301059,,35290
2022-12-27 14:48:10.880000,116.44,116.46,2303713,,
2022-12-27 14:48:11.388000,116.47,116.48,2305721,,35291
2022-12-27 14:48:11.892000,116.5,116.52,2307638,,
2022-12-27 14:48:12.451000,116.49,,2307840,,35292
2022-12-27 14:48:12.975000,116.48,116.5,2308667,,
2022-12-27 14:48:13.510000,,116.51,2308719,,
2022-12-27 14:48:14.015000,,116.5,2308720,,35293
2022-12-27 14:48:14.525000,,,,,35294
2022-12-27 14:48:15.048000,116.51,116.54,2309428,,
2022-12-27 14:48:15.559000,116.5,116.53,2309443,,35295
2022-12-27 14:48:16.097000,116.51,,2309674,,
2022-12-27 14:48:16.615000,,,2309784,,
2022-12-27 14:48:17.125000,,,2310375,,35296
2022-12-27 14:48:17.629000,,,2310382,,
2022-12-27 14:48:18.152000,116.5,116.52,2311773,,35297
2022-12-27 14:48:18.687000,116.48,116.5,2313498,,35298
2022-12-27 14:48:19.212000,,,2313499,,
2022-12-27 14:48:19.724000,,,2313599,,35299
2022-12-27 14:48:20.226000,,116.51,2313900,,
2022-12-27 14:48:20.759000,116.49,116.52,2316434,,35300
2022-12-27 14:48:21.283000,116.48,116.51,2316479,,35301
2022-12-27 14:48:21.794000,116.5,,,,
2022-12-27 14:48:22.337000,,,2316579,,35302
2022-12-27 14:48:22.877000,,,2316680,,
2022-12-27 14:48:23.394000,,,2316731,,35303
2022-12-27 14:48:24.294000,116.48,116.5,2317513,,35304
2022-12-27 14:48:24.817000,,116.49,2318113,,
2022-12-27 14:48:25.350000,116.45,116.47,2320284,,35305
2022-12-27 14:48:26.045000,116.46,,2320330,,
2022-12-27 14:48:26.560000,,116.48,2321031,,35306
2022-12-27 14:48:27.067000,116.43,116.46,2322027,,35307
2022-12-27 14:48:27.591000,,116.45,2322048,,
2022-12-27 14:48:28.103000,,,2322099,,
2022-12-27 14:48:28.628000,116.41,116.44,2323769,,35308
2022-12-27 14:48:29.154000,116.4,116.43,2326376,,
2022-12-27 14:48:29.679000,116.41,116.44,2327488,,35309
2022-12-27 14:48:30.197000,,116.43,2327526,,
2022-12-27 14:48:30.729000,116.42,,2327781,,35310
2022-12-27 14:48:31.265000,116.39,116.42,2332493,,
2022-12-27 14:48:31.770000,,,2332761,,35311
2022-12-27 14:48:32.274000,116.41,116.43,2333292,,
2022-12-27 14:48:32.798000,116.42,116.44,2333836,,35312
2022-12-27 14:48:33.563000,116.37,116.4,2334806,,35313
2022-12-27 14:48:34.073000,116.36,116.38,,,
2022-12-27 14:48:34.610000,116.33,116.36,2338987,,35314
2022-12-27 14:48:35.133000,,116.35,2340288,,
2022-12-27 14:48:35.668000,116.31,116.33,2344463,,35315
2022-12-27 14:48:36.198000,116.28,116.32,2348442,,
2022-12-27 14:48:36.718000,116.25,116.29,2348473,,35316
2022-12-27 14:48:37.221000,116.26,116.28,2348526,,
2022-12-27 14:48:37.731000,116.25,116.29,2349617,,35317
2022-12-27 14:48:38.262000,,,2349647,,
2022-12-27 14:48:38.793000,,116.28,2353618,,35318
2022-12-27 14:48:39.307000,116.28,116.31,2354642,,35319
2022-12-27 14:48:39.812000,,116.3,2360628,,
2022-12-27 14:48:40.340000,,116.31,,,35320
2022-12-27 14:48:40.857000,116.32,116.35,2364215,,
2022-12-27 14:48:41.362000,,116.34,2364424,,35321
2022-12-27 14:48:41.888000,116.25,116.26,2364913,,
2022-12-27 14:48:42.412000,116.21,116.24,2365834,,35322
2022-12-27 14:48:42.920000,116.23,116.26,2366918,,
2022-12-27 14:48:43.432000,116.21,116.25,2368835,,35323
2022-12-27 14:48:43.967000,116.22,,2368955,,
2022-12-27 14:48:44.489000,,116.24,2369030,,35324
2022-12-27 14:48:44.994000,116.2,116.23,2370795,,
2022-12-27 14:48:45.500000,116.21,116.22,2370896,,
2022-12-27 14:48:46.039000,,,,,35325
2022-12-27 14:48:46.571000,116.23,116.25,2372911,,35326
2022-12-27 14:48:47.095000,116.22,,2373144,,
2022-12-27 14:48:47.607000,,,2380664,,35327
2022-12-27 14:48:48.121000,,,2380784,,
2022-12-27 14:48:48.644000,,,2381799,,
2022-12-27 14:48:49.187000,116.25,116.28,2386177,,35328
2022-12-27 14:48:49.712000,116.26,116.27,2386180,,35329
2022-12-27 14:48:50.219000,116.22,116.24,2387291,,
2022-12-27 14:48:50.754000,,,2387717,,35330
2022-12-27 14:48:51.256000,116.2,116.23,2388105,,35331
2022-12-27 14:48:51.759000,,116.22,2388111,,
2022-12-27 14:48:52.304000,116.21,116.23,2388248,,35332
2022-12-27 14:48:52.807000,,116.22,2389252,,
2022-12-27 14:48:53.319000,,,2389254,,
2022-12-27 14:48:53.863000,,,2389455,,
2022-12-27 14:48:54.380000,,,2389575,,
2022-12-27 14:48:54.903000,116.2,116.21,2391408,,35334
2022-12-27 14:48:55.415000,,116.22,2393177,,35335
2022-12-27 14:48:55.926000,,116.21,2394288,,
2022-12-27 14:48:56.434000,,,,,35336
2022-12-27 14:48:56.973000,,,2394309,,
2022-12-27 14:48:57.492000,,,2394429,,
2022-12-27 14:48:57.996000,116.21,116.24,2395278,,35337
2022-12-27 14:48:58.523000,116.2,116.21,2395429,,35338
2022-12-27 14:48:59.067000,,116.23,2396183,,
2022-12-27 14:48:59.603000,,116.22,2396190,,35339
2022-12-27 14:49:00.106000,,,2396278,,35340
2022-12-27 14:49:00.621000,,,2396503,,
2022-12-27 14:49:01.140000,116.16,116.2,2399508,,35341
2022-12-27 14:49:01.674000,116.14,116.16,2399541,,
2022-12-27 14:49:02.176000,116.16,116.18,2400194,,35342
2022-12-27 14:49:02.708000,116.12,116.14,2400219,,
2022-12-27 14:49:03.238000,116.16,116.18,2402450,,35343
2022-12-27 14:49:03.774000,116.13,116.16,2403172,,
2022-12-27 14:49:04.292000,,,2403202,,35344
2022-12-27 14:49:04.810000,116.14,116.15,2406292,,
2022-12-27 14:49:05.333000,116.16,116.17,2407205,,35345
2022-12-27 14:49:05.844000,116.15,,2409475,,
2022-12-27 14:49:06.366000,116.13,116.15,2415911,,35346
2022-12-27 14:49:06.878000,,,2417320,,
2022-12-27 14:49:07.403000,,,2418287,,35347
2022-12-27 14:49:07.929000,,116.16,2418403,,
2022-12-27 14:49:08.448000,,,2418407,,35348
2022-12-27 14:49:08.992000,116.14,,2418938,,
2022-12-27 14:49:09.528000,116.16,116.19,2420880,,35349
2022-12-27 14:49:10.032000,,,2421026,,
2022-12-27 14:49:10.539000,,116.18,2421813,,35350
2022-12-27 14:49:11.065000,116.17,,2421896,,
2022-12-27 14:49:11.588000,116.15,,2422191,,35351
2022-12-27 14:49:12.114000,,,2422367,,35352
2022-12-27 14:49:12.628000,116.13,116.15,2423030,,
2022-12-27 14:49:13.132000,116.15,116.18,2423310,,
2022-12-27 14:49:13.642000,116.16,,2423976,,35353
2022-12-27 14:49:14.165000,,,2424323,,35354
2022-12-27 14:49:14.689000,,,2424405,,
2022-12-27 14:49:15.222000,,,2424406,,35355
2022-12-27 14:49:15.751000,,116.19,2424748,,
2022-12-27 14:49:16.297000,116.15,116.18,2424768,,35356
2022-12-27 14:49:16.819000,116.13,116.14,2425021,,
2022-12-27 14:49:17.334000,116.12,,2426296,,35357
2022-12-27 14:49:17.843000,116.13,,2426547,,
2022-12-27 14:49:18.352000,116.12,116.13,2426648,,35358
2022-12-27 14:49:18.853000,116.11,116.12,2429973,,
2022-12-27 14:49:19.376000,116.1,,2430643,,35359
2022-12-27 14:49:19.914000,116.11,116.13,2431050,,
2022-12-27 14:49:20.418000,,,2431738,,35360
2022-12-27 14:49:20.923000,,,2432313,,
2022-12-27 14:49:21.440000,,116.14,2433727,,35361
2022-12-27 14:49:21.964000,,116.13,2436802,,
2022-12-27 14:49:22.473000,116.12,,2437318,,35362
2022-12-27 14:49:22.988000,116.15,116.18,2439830,,
2022-12-27 14:49:23.490000,116.18,116.19,2441987,,35363
2022-12-27 14:49:24.036000,,116.2,2442112,,
2022-12-27 14:49:24.559000,,116.21,2442922,,35364
2022-12-27 14:49:25.066000,116.2,,2446339,,
2022-12-27 14:49:25.606000,116.19,116.22,2447772,,35365
2022-12-27 14:49:26.113000,116.17,116.19,2448785,,35366
2022-12-27 14:49:26.617000,116.18,116.21,2449108,,
2022-12-27 14:49:27.142000,116.17,,2449829,,
2022-12-27 14:49:27.653000,116.18,,2450345,,35367
2022-12-27 14:49:28.161000,116.16,116.19,,,
2022-12-27 14:49:28.689000,,116.2,2450877,,35368
2022-12-27 14:49:29.205000,116.19,,2450915,,
2022-12-27 14:49:29.746000,116.17,116.19,2451262,,35369
2022-12-27 14:49:30.282000,116.18,116.2,2451300,,35370
2022-12-27 14:49:30.808000,116.19,116.21,2451512,,
2022-12-27 14:49:31.322000,,,2455162,,35371
2022-12-27 14:49:31.849000,116.24,116.25,2457493,,
2022-12-27 14:49:32.358000,116.22,116.23,2457943,,35372
2022-12-27 14:49:32.900000,116.21,116.22,2458674,,
2022-12-27 14:49:33.443000,116.19,116.21,2462088,,35373
2022-12-27 14:49:33.953000,116.17,116.2,2462714,,
2022-12-27 14:49:34.478000,116.14,116.16,2463095,,35374
2022-12-27 14:49:34.990000,116.16,116.17,2463582,,
2022-12-27 14:49:35.500000,116.13,116.15,2464567,,35375
2022-12-27 14:49:36.027000,116.12,116.14,2464623,,
2022-12-27 14:49:36.558000,,116.13,2464756,,35376
2022-12-27 14:49:37.067000,116.11,,2464957,,
2022-12-27 14:49:37.590000,,,2465092,,35377
2022-12-27 14:49:38.102000,,,2465192,,
2022-12-27 14:49:38.627000,116.13,116.14,2465418,,35378
2022-12-27 14:49:39.141000,116.1,116.11,2469473,,
2022-12-27 14:49:39.685000,116.11,116.14,2469719,,35379
2022-12-27 14:49:40.204000,116.14,116.16,2470725,,
2022-12-27 14:49:40.743000,,,2470735,,35380
2022-12-27 14:49:41.270000,,,2470852,,
2022-12-27 14:49:41.815000,116.15,116.18,2473265,,35381
2022-12-27 14:49:42.324000,116.16,116.19,2473299,,35382
2022-12-27 14:49:42.830000,116.18,116.2,2474185,,
2022-12-27 14:49:43.339000,116.22,116.25,2476176,,35383
2022-12-27 14:49:43.844000,,,2476203,,
2022-12-27 14:49:44.375000,116.21,116.24,2476313,,35384
2022-12-27 14:49:44.886000,,116.23,2476817,,
2022-12-27 14:49:45.420000,116.2,116.22,2477480,,35385
2022-12-27 14:49:45.946000,116.24,116.27,2479590,,
2022-12-27 14:49:46.484000,116.26,116.28,2481124,,35386
2022-12-27 14:49:47.028000,,,2481225,,
2022-12-27 14:49:47.553000,,,2481253,,
2022-12-27 14:49:48.062000,116.27,,2481518,,35387
2022-12-27 14:49:48.608000,,116.29,2482602,,35388
2022-12-27 14:49:49.113000,,,2482604,,
2022-12-27 14:49:49.651000,116.28,,2483130,,35389
2022-12-27 14:49:50.160000,116.25,116.27,2484110,,35390
2022-12-27 14:49:50.680000,116.24,116.26,2485091,,
2022-12-27 14:49:51.201000,116.26,116.29,2485761,,35391
2022-12-27 14:49:51.718000,116.27,116.3,2485945,,
2022-12-27 14:49:52.243000,,116.29,2489637,,
2022-12-27 14:49:52.744000,,,2489938,,
2022-12-27 14:49:53.267000,116.23,116.25,2491056,,35393
2022-12-27 14:49:53.805000,,116.27,2492013,,
2022-12-27 14:49:54.351000,,116.25,2492304,,
2022-12-27 14:49:54.855000,,,2492404,,
2022-12-27 14:49:55.357000,116.25,116.27,2492577,,35395
2022-12-27 14:49:55.858000,116.24,116.26,2493008,,
2022-12-27 14:49:56.359000,,,2493109,,
2022-12-27 14:49:56.872000,,,2493221,,
2022-12-27 14:49:57.417000,116.23,116.25,2494291,,35397
2022-12-27 14:49:57.937000,,116.26,2494293,,
2022-12-27 14:49:58.440000,,116.25,2494836,,35398
2022-12-27 14:49:58.942000,,116.26,2494868,,
2022-12-27 14:49:59.460000,,,2495068,,35399
2022-12-27 14:50:00.106000,116.24,,2495069,,35400
2022-12-27 14:50:00.670000,116.23,,2495222,,
2022-12-27 14:50:01.187000,116.24,,2495377,,
2022-12-27 14:50:01.703000,,,2496039,,35401
2022-12-27 14:50:02.217000,,116.27,2496066,,35402
2022-12-27 14:50:02.740000,,116.26,,,
2022-12-27 14:50:03.260000,116.23,,2496671,,
2022-12-27 14:50:03.762000,116.24,116.27,2498293,,35403
2022-12-27 14:50:04.294000,116.25,,2498699,,
2022-12-27 14:50:04.819000,116.27,116.28,2499971,,35404
2022-12-27 14:50:05.353000,116.31,116.33,2502540,,35405
2022-12-27 14:50:05.904000,116.34,116.35,2502821,,
2022-12-27 14:50:06.450000,,116.36,2504059,,35406
2022-12-27 14:50:06.964000,116.33,,2507355,,
2022-12-27 14:50:07.475000,116.32,116.33,2507580,,35407
2022-12-27 14:50:07.986000,116.3,116.32,2508960,,
2022-12-27 14:50:08.511000,116.29,,2510131,,35408
2022-12-27 14:50:09.025000,116.28,116.31,2510926,,
2022-12-27 14:50:09.548000,116.29,116.32,2511327,,35409
2022-12-27 14:50:10.058000,,116.31,2511929,,
2022-12-27 14:50:10.560000,,116.3,2511969,,35410
2022-12-27 14:50:11.083000,,116.31,2512477,,
2022-12-27 14:50:11.618000,,,2513377,,35411
2022-12-27 14:50:12.161000,116.3,116.32,2514478,,35412
2022-12-27 14:50:12.681000,,,2514817,,
2022-12-27 14:50:13.200000,116.34,116.37,2515927,,35413
2022-12-27 14:50:13.706000,116.35,,2516112,,
2022-12-27 14:50:14.234000,116.33,116.35,2516582,,35414
2022-12-27 14:50:14.747000,,,2516616,,
2022-12-27 14:50:15.257000,,,2516671,,35415
2022-12-27 14:50:15.777000,,,2516674,,
2022-12-27 14:50:16.298000,116.35,116.36,2517343,,35416
2022-12-27 14:50:16.826000,116.31,116.33,2518648,,
2022-12-27 14:50:17.370000,116.35,116.37,2522746,,35417
2022-12-27 14:50:17.904000,,,2522747,,
2022-12-27 14:50:18.408000,116.32,116.34,2523742,,35418
2022-12-27 14:50:18.947000,,116.33,2523744,,
2022-12-27 14:50:19.450000,116.33,116.35,2526391,,35419
2022-12-27 14:50:19.980000,116.35,116.36,2527641,,
2022-12-27 14:50:20.486000,116.38,116.41,2533019,,35420
2022-12-27 14:50:20.991000,116.39,,2533090,,
2022-12-27 14:50:21.493000,,,2533245,,
2022-12-27 14:50:22.010000,,116.4,2534035,,35421
2022-12-27 14:50:22.516000,116.42,116.44,2535658,,35422
2022-12-27 14:50:23.040000,116.38,116.41,2536884,,
2022-12-27 14:50:23.564000,116.37,116.4,2537513,,35423
2022-12-27 14:50:24.119000,116.36,116.38,2538990,,
2022-12-27 14:50:24.649000,,,2539991,,35424
2022-12-27 14:50:25.183000,116.35,116.37,2541314,,35425
2022-12-27 14:50:25.716000,,116.38,,,
2022-12-27 14:50:26.273000,,116.37,2541834,,35426
2022-12-27 14:50:26.795000,,116.38,2544834,,
2022-12-27 14:50:27.339000,,,2545134,,35427
2022-12-27 14:50:27.881000,116.37,116.39,2545660,,
2022-12-27 14:50:28.404000,,116.4,2545788,,35428
2022-12-27 14:50:28.947000,,116.39,,,
2022-12-27 14:50:29.495000,,,2545845,,35429
2022-12-27 14:50:30.024000,116.35,116.37,2546367,,
2022-12-27 14:50:30.532000,116.36,116.39,2547237,,35430
2022-12-27 14:50:31.059000,116.38,116.4,2547316,,
2022-12-27 14:50:31.567000,116.37,,,,35431
2022-12-27 14:50:32.096000,116.38,,2547403,,
2022-12-27 14:50:32.608000,,,2547404,,
2022-12-27 14:50:33.141000,116.36,116.38,2548099,,35432
2022-12-27 14:50:33.651000,116.35,116.37,2548216,,35433
2022-12-27 14:50:34.184000,116.33,116.34,2548776,,35434
2022-12-27 14:50:34.729000,,116.35,2549344,,
2022-12-27 14:50:35.400000,,,,,35435
2022-12-27 14:50:35.916000,116.35,116.37,2552210,,
2022-12-27 14:50:36.426000,,,2552220,,35436
2022-12-27 14:50:36.944000,116.33,116.35,2552321,,
2022-12-27 14:50:37.452000,116.34,116.37,2552721,,35437
2022-12-27 14:50:37.982000,,,2552790,,
2022-12-27 14:50:38.493000,,,2552855,,35438
2022-12-27 14:50:39.037000,,,2552856,,
2022-12-27 14:50:39.569000,,,2552958,,35439
2022-12-27 14:50:40.108000,116.32,116.34,2555992,,
2022-12-27 14:50:40.629000,116.35,116.38,2558945,,35440
2022-12-27 14:50:41.142000,,,2559344,,
2022-12-27 14:50:41.662000,116.36,,2560211,,35441
2022-12-27 14:50:42.178000,116.34,116.37,2560561,,
2022-12-27 14:50:42.700000,116.35,,,,35442
2022-12-27 14:50:43.243000,116.37,116.39,2561469,,35443
2022-12-27 14:50:43.746000,,116.4,2561470,,
2022-12-27 14:50:44.282000,116.39,,2561650,,
2022-12-27 14:50:44.787000,,,2562150,,35444
2022-12-27 14:50:45.297000,116.4,116.42,2562534,,35445
2022-12-27 14:50:45.818000,116.38,116.41,2563737,,
2022-12-27 14:50:46.338000,,116.4,2563780,,
2022-12-27 14:50:46.859000,,,2563886,,35446
2022-12-27 14:50:47.366000,,,2563971,,
2022-12-27 14:50:47.895000,,,2564226,,35447
2022-12-27 14:50:48.419000,116.37,116.39,2564836,,35448
2022-12-27 14:50:49.164000,116.38,116.41,2565083,,35449
2022-12-27 14:50:49.665000,116.4,116.42,2566267,,
2022-12-27 14:50:50.425000,,116.41,2566462,,35450
2022-12-27 14:50:50.933000,,116.42,2566662,,
2022-12-27 14:50:51.441000,,,2566821,,
2022-12-27 14:50:51.978000,,116.41,2567065,,35451
2022-12-27 14:50:52.493000,,116.42,2567288,,35452
2022-12-27 14:50:52.996000,116.43,116.45,2570601,,
2022-12-27 14:50:53.509000,116.44,116.47,2570785,,35453
2022-12-27 14:50:54.049000,116.48,116.49,2571296,,
2022-12-27 14:50:54.575000,116.53,116.56,2572399,,35454
2022-12-27 14:50:55.102000,116.54,,2573222,,
2022-12-27 14:50:55.644000,,,2573226,,35455
2022-12-27 14:50:56.158000,,,2574052,,35456
2022-12-27 14:50:56.690000,,,2574053,,
2022-12-27 14:50:57.202000,116.51,116.53,2576203,,
2022-12-27 14:50:57.703000,116.46,116.48,2581101,,35457
2022-12-27 14:50:58.233000,,,2581702,,35458
2022-12-27 14:50:58.740000,,,2581965,,
2022-12-27 14:50:59.390000,,,2582965,,35459
2022-12-27 14:50:59.894000,116.45,116.47,2584124,,
2022-12-27 14:51:00.421000,,116.46,2586975,,35460
2022-12-27 14:51:00.952000,116.46,116.49,2587434,,
2022-12-27 14:51:01.459000,116.45,116.47,2587822,,35461
2022-12-27 14:51:01.964000,116.44,116.46,2587986,,
2022-12-27 14:51:02.523000,,116.45,2588187,,35462
2022-12-27 14:51:03.057000,,116.46,2589186,,
2022-12-27 14:51:03.581000,116.45,,2589221,,35463
2022-12-27 14:51:04.145000,116.46,116.49,2589656,,35464
2022-12-27 14:51:04.655000,116.45,116.47,2592797,,
2022-12-27 14:51:05.169000,,,2592940,,35465
2022-12-27 14:51:05.679000,116.47,116.5,2593450,,
2022-12-27 14:51:06.224000,116.46,116.49,2593758,,
2022-12-27 14:51:06.745000,116.48,116.5,2593895,,35466
2022-12-27 14:51:07.270000,,,2594307,,
2022-12-27 14:51:07.781000,116.51,116.54,2594995,,35467
2022-12-27 14:51:08.305000,116.49,116.51,2595562,,35468
2022-12-27 14:51:08.848000,116.51,116.54,2596030,,
2022-12-27 14:51:09.385000,116.5,116.53,2596948,,35469
2022-12-27 14:51:09.894000,116.51,116.54,2597618,,
2022-12-27 14:51:10.397000,116.49,116.5,2598763,,35470
2022-12-27 14:51:11.150000,116.48,,2601403,,35471
2022-12-27 14:51:11.652000,116.45,116.47,2605082,,
2022-12-27 14:51:12.186000,,,2605194,,
2022-12-27 14:51:12.690000,116.43,116.46,2605400,,35472
2022-12-27 14:51:13.195000,116.42,116.44,2607101,,35473
2022-12-27 14:51:13.737000,,,2607113,,
2022-12-27 14:51:14.259000,116.43,116.46,2607418,,35474
2022-12-27 14:51:14.801000,,,2607644,,
2022-12-27 14:51:15.342000,116.44,116.47,2607701,,35475
2022-12-27 14:51:15.847000,,,2607916,,
2022-12-27 14:51:16.360000,116.45,116.48,2608334,,
2022-12-27 14:51:16.876000,,,2609034,,35476
2022-12-27 14:51:17.389000,,,2609569,,35477
2022-12-27 14:51:17.892000,116.47,,2610321,,
2022-12-27 14:51:18.430000,116.48,116.49,2610526,,35478
2022-12-27 14:51:18.965000,,,2610554,,
2022-12-27 14:51:19.485000,,,2610556,,
2022-12-27 14:51:20.009000,116.47,,2611686,,35479
2022-12-27 14:51:20.536000,116.46,116.47,2612136,,35480
2022-12-27 14:51:21.040000,116.44,116.46,2612464,,
2022-12-27 14:51:21.573000,,,2612521,,35481
2022-12-27 14:51:22.096000,116.42,116.45,2613827,,
2022-12-27 14:51:22.636000,,116.44,,,35482
2022-12-27 14:51:23.148000,116.43,116.46,2614037,,35483
2022-12-27 14:51:23.670000,116.45,116.47,2614227,,
2022-12-27 14:51:24.192000,116.44,,2614387,,35484
2022-12-27 14:51:24.731000,,,2616092,,
2022-12-27 14:51:25.242000,,,2616093,,
2022-12-27 14:51:25.793000,,,2616212,,35485
2022-12-27 14:51:26.324000,,,2616289,,35486
2022-12-27 14:51:26.831000,,116.46,2616293,,
2022-12-27 14:51:27.339000,,,2616294,,
2022-12-27 14:51:27.877000,116.43,116.44,2617822,,35487
2022-12-27 14:51:28.389000,116.42,,2618268,,35488
2022-12-27 14:51:29.177000,116.41,116.42,2619800,,
2022-12-27 14:51:29.693000,,,2620048,,35489
2022-12-27 14:51:30.217000,116.42,116.43,2620548,,35490
2022-12-27 14:51:30.740000,116.41,,2620816,,
2022-12-27 14:51:31.245000,116.4,116.41,2623735,,35491
2022-12-27 14:51:31.762000,,116.43,2623855,,
2022-12-27 14:51:32.293000,116.39,116.4,2628108,,
2022-12-27 14:51:32.803000,,116.42,2628307,,35492
2022-12-27 14:51:33.325000,,,2628312,,
2022-12-27 14:51:33.832000,116.4,,2628432,,35493
2022-12-27 14:51:34.341000,,,,,35494
2022-12-27 14:51:34.902000,,,2628433,,
2022-12-27 14:51:35.408000,,,2628434,,
2022-12-27 14:51:36.420000,116.39,,2628835,,35496
2022-12-27 14:51:36.931000,,,2629181,,
2022-12-27 14:51:37.441000,,116.41,2629182,,35497
2022-12-27 14:51:38.150000,,116.42,,,35498
2022-12-27 14:51:38.662000,,,2629183,,
2022-12-27 14:51:39.186000,,116.41,2629208,,
2022-12-27 14:51:39.690000,,,2629220,,35499
2022-12-27 14:51:40.224000,116.36,116.39,2631530,,35500
2022-12-27 14:51:40.737000,116.35,116.37,2631558,,
2022-12-27 14:51:41.286000,,,2631559,,35501
2022-12-27 14:51:41.790000,,,2632061,,
2022-12-27 14:51:42.325000,,,2632112,,35502
2022-12-27 14:51:42.854000,,116.36,2634735,,
2022-12-27 14:51:43.382000,116.36,116.37,2634845,,35503
2022-12-27 14:51:43.919000,,116.38,2635280,,
2022-12-27 14:51:44.444000,,,2635281,,
2022-12-27 14:51:44.976000,116.38,116.39,2637203,,35504
2022-12-27 14:51:45.480000,,,2637218,,35505
2022-12-27 14:51:45.987000,,,2637248,,
2022-12-27 14:51:46.516000,116.39,116.42,2638125,,35506
2022-12-27 14:51:47.030000,116.36,116.39,2639178,,
2022-12-27 14:51:47.534000,116.37,116.4,2639537,,35507
2022-12-27 14:51:48.039000,,,2639737,,
2022-12-27 14:51:48.541000,,,2639776,,35508
2022-12-27 14:51:49.051000,,,2639882,,
2022-12-27 14:51:49.555000,116.38,116.41,2640347,,35509
2022-12-27 14:51:50.068000,116.41,116.43,2640866,,
2022-12-27 14:51:50.593000,116.42,116.45,2642123,,35510
2022-12-27 14:51:51.107000,116.37,116.4,2645142,,
2022-12-27 14:51:51.611000,116.38,116.41,2645312,,35511
2022-12-27 14:51:52.117000,,,2645363,,
2022-12-27 14:51:52.661000,,116.4,2645370,,35512
2022-12-27 14:51:53.175000,,,,,35513
2022-12-27 14:51:54.424000,116.4,116.43,2645372,,35514
2022-12-27 14:51:54.986000,,,2645423,,
2022-12-27 14:51:55.515000,,,,,35515
2022-12-27 14:51:56.044000,116.39,116.4,2645560,,
2022-12-27 14:51:56.575000,116.4,116.43,2645760,,35516
2022-12-27 14:51:57.080000,116.41,,2645897,,
2022-12-27 14:51:57.591000,,,2646309,,35517
2022-12-27 14:51:58.115000,116.39,116.41,2647075,,
2022-12-27 14:51:58.638000,,116.42,2647160,,35518
2022-12-27 14:51:59.178000,116.4,116.43,2647565,,
2022-12-27 14:51:59.731000,,116.42,2647574,,35519
2022-12-27 14:52:00.251000,,116.43,2647774,,35520
2022-12-27 14:52:00.795000,116.41,,2647899,,
2022-12-27 14:52:01.316000,116.44,116.46,2648965,,35521
2022-12-27 14:52:01.859000,116.41,116.44,2649166,,
2022-12-27 14:52:02.404000,,,2649216,,35522
2022-12-27 14:52:02.908000,116.43,116.45,2649991,,
2022-12-27 14:52:03.416000,,,,,35523
2022-12-27 14:52:03.924000,116.41,116.44,2650538,,
2022-12-27 14:52:04.453000,,116.43,,,35524
2022-12-27 14:52:04.956000,116.42,116.45,2650585,,
2022-12-27 14:52:05.459000,116.41,116.44,2650691,,35525
2022-12-27 14:52:05.987000,,,2650800,,
2022-12-27 14:52:06.507000,116.42,,,,35526
2022-12-27 14:52:07.030000,116.46,116.47,2651473,,
2022-12-27 14:52:07.549000,116.51,116.52,2656394,,35527
2022-12-27 14:52:08.093000,116.5,,2656545,,
2022-12-27 14:52:08.619000,,,2657507,,35528
2022-12-27 14:52:09.138000,,,2658788,,
2022-12-27 14:52:09.689000,,,2658888,,
2022-12-27 14:52:10.221000,116.51,116.53,2659590,,35530
2022-12-27 14:52:10.730000,,116.52,2659813,,
2022-12-27 14:52:11.252000,116.54,116.55,2660560,,35531
2022-12-27 14:52:11.786000,116.55,116.57,2662167,,
2022-12-27 14:52:12.288000,,,2663378,,35532
2022-12-27 14:52:12.791000,,,2663406,,
2022-12-27 14:52:13.301000,116.56,116.59,2663956,,35533
2022-12-27 14:52:13.810000,116.57,,2664058,,
2022-12-27 14:52:14.337000,116.58,116.6,2664104,,
2022-12-27 14:52:14.849000,116.59,116.61,2667544,,35534
2022-12-27 14:52:15.354000,,,2667584,,35535
2022-12-27 14:52:15.868000,,116.62,2667720,,
2022-12-27 14:52:16.373000,,116.63,2667748,,35536
2022-12-27 14:52:16.898000,116.62,116.65,2668147,,
2022-12-27 14:52:17.408000,116.61,116.64,2668648,,35537
2022-12-27 14:52:17.951000,,,2668802,,
2022-12-27 14:52:18.455000,,,2668929,,35538
2022-12-27 14:52:18.987000,116.62,,2669630,,
2022-12-27 14:52:19.496000,,116.65,2669631,,35539
2022-12-27 14:52:20.002000,116.59,116.61,2670313,,
2022-12-27 14:52:20.526000,,116.62,2670427,,35540
2022-12-27 14:52:21.044000,,116.61,2670569,,
2022-12-27 14:52:21.568000,116.61,116.64,2670971,,35541
2022-12-27 14:52:22.110000,116.6,116.62,2671694,,
2022-12-27 14:52:22.614000,,116.63,2671739,,35542
2022-12-27 14:52:23.118000,116.62,116.64,2672051,,
2022-12-27 14:52:23.621000,116.61,116.63,2678052,,35543
2022-12-27 14:52:24.132000,116.58,116.6,2678648,,
2022-12-27 14:52:24.649000,116.59,116.61,2678669,,35544
2022-12-27 14:52:25.167000,116.62,116.64,2679213,,
2022-12-27 14:52:25.690000,,,2679223,,35545
2022-12-27 14:52:26.202000,,,2679377,,35546
2022-12-27 14:52:26.717000,116.61,,2679838,,
2022-12-27 14:52:27.250000,116.59,116.62,,,35547
2022-12-27 14:52:27.754000,,116.61,2679839,,
2022-12-27 14:52:28.263000,,,2680143,,
2022-12-27 14:52:28.781000,,116.6,2680358,,35548
2022-12-27 14:52:29.320000,,116.62,2682097,,35549
2022-12-27 14:52:29.829000,116.58,116.6,2682230,,
2022-12-27 14:52:30.376000,116.6,116.62,2685730,,35550
2022-12-27 14:52:30.886000,116.59,,2685932,,
2022-12-27 14:52:31.412000,,116.63,2686032,,35551
2022-12-27 14:52:31.927000,116.6,,2686989,,
2022-12-27 14:52:32.451000,,116.62,2687100,,35552
2022-12-27 14:52:32.990000,,,2687338,,
2022-12-27 14:52:33.504000,,,2687488,,35553
2022-12-27 14:52:34.410000,,,2687489,,
2022-12-27 14:52:34.929000,,,2687714,,35554
2022-12-27 14:52:35.474000,,116.61,2687889,,35555
2022-12-27 14:52:35.992000,,116.62,2688236,,
2022-12-27 14:52:36.497000,,116.63,2688248,,35556
2022-12-27 14:52:37.026000,116.61,116.64,2689668,,
2022-12-27 14:52:37.558000,,,2690168,,
2022-12-27 14:52:38.079000,116.59,116.61,2690951,,35557
2022-12-27 14:52:38.587000,116.61,116.64,2691156,,35558
2022-12-27 14:52:39.094000,,,2691157,,
2022-12-27 14:52:39.598000,,,2691177,,35559
2022-12-27 14:52:40.129000,116.62,,2691178,,
2022-12-27 14:52:40.653000,,,2691290,,35560
2022-12-27 14:52:41.185000,,,2691425,,35561
2022-12-27 14:52:41.709000,,,2691476,,
2022-12-27 14:52:42.220000,116.64,116.65,2692340,,35562
2022-12-27 14:52:42.732000,,,2692460,,
2022-12-27 14:52:43.243000,116.67,116.69,2694021,,35563
2022-12-27 14:52:43.765000,116.65,116.68,2694278,,
2022-12-27 14:52:44.268000,116.64,116.65,2694300,,35564
2022-12-27 14:52:44.774000,116.65,116.68,2694308,,
2022-12-27 14:52:45.309000,116.64,116.67,2694713,,
2022-12-27 14:52:45.850000,116.62,116.65,2694869,,35565
2022-12-27 14:52:46.409000,116.61,116.64,2695677,,35566
2022-12-27 14:52:46.934000,116.62,,2697964,,
2022-12-27 14:52:47.471000,,116.63,2697969,,35567
2022-12-27 14:52:47.975000,116.61,116.62,2699444,,
2022-12-27 14:52:48.480000,116.6,,2699754,,35568
2022-12-27 14:52:48.990000,,116.63,2700668,,
2022-12-27 14:52:49.499000,,,2701291,,35569
2022-12-27 14:52:50.024000,116.61,,2701292,,
2022-12-27 14:52:50.529000,116.64,116.66,2702216,,35570
2022-12-27 14:52:51.053000,116.65,116.68,2702549,,
2022-12-27 14:52:51.566000,116.67,116.7,2702578,,35571
2022-12-27 14:52:52.088000,,,2705021,,
2022-12-27 14:52:52.627000,,116.69,2705022,,35572
2022-12-27 14:52:53.173000,116.68,116.7,2705133,,35573
2022-12-27 14:52:53.709000,,,2705168,,
2022-12-27 14:52:54.251000,,,2705170,,
2022-12-27 14:52:54.754000,,,2705276,,35574
2022-12-27 14:52:55.267000,116.69,116.71,2707085,,
2022-12-27 14:52:55.769000,,,2707096,,35575
2022-12-27 14:52:56.304000,116.71,116.74,2712186,,35576
2022-12-27 14:52:56.809000,,116.72,2713622,,
2022-12-27 14:52:57.338000,116.72,116.74,2713693,,35577
2022-12-27 14:52:57.862000,,,2713956,,
2022-12-27 14:52:58.384000,,116.75,2714059,,35578
2022-12-27 14:52:58.915000,,116.74,2714964,,
2022-12-27 14:52:59.431000,,116.75,2715255,,35579
2022-12-27 14:52:59.945000,,116.74,,,
2022-12-27 14:53:00.447000,,,2715477,,35580
2022-12-27 14:53:00.961000,,,2719250,,
2022-12-27 14:53:01.472000,116.74,116.76,2719621,,35581
2022-12-27 14:53:02.019000,116.73,116.75,2720007,,
2022-12-27 14:53:02.535000,,,2720730,,35582
2022-12-27 14:53:03.081000,,,2721358,,
2022-12-27 14:53:03.607000,,,2724359,,35583
2022-12-27 14:53:04.116000,,,2725118,,
2022-12-27 14:53:04.620000,,,2725721,,35584
2022-12-27 14:53:05.126000,,,2725864,,
2022-12-27 14:53:05.653000,116.76,116.77,2726921,,35585
2022-12-27 14:53:06.162000,,116.78,2731610,,35586
2022-12-27 14:53:06.679000,116.75,116.77,2732359,,
2022-12-27 14:53:07.184000,,,2732459,,
2022-12-27 14:53:07.713000,116.74,116.75,2733548,,35587
2022-12-27 14:53:08.234000,,,2734249,,35588
2022-12-27 14:53:08.736000,116.73,116.74,2742776,,
2022-12-27 14:53:09.244000,116.71,116.72,2743765,,35589
2022-12-27 14:53:09.774000,116.74,116.76,2744890,,
2022-12-27 14:53:10.306000,,,2745090,,35590
2022-12-27 14:53:10.837000,,,2746519,,
2022-12-27 14:53:11.348000,116.71,116.74,2746677,,
2022-12-27 14:53:11.851000,116.72,,,,35591
2022-12-27 14:53:12.358000,,,2746729,,35592
2022-12-27 14:53:12.886000,116.71,116.73,2747434,,
2022-12-27 14:53:13.392000,,,,,35593
2022-12-27 14:53:13.918000,116.72,116.74,2747801,,
2022-12-27 14:53:14.455000,,,2748130,,35594
2022-12-27 14:53:14.998000,,,2752130,,
2022-12-27 14:53:15.536000,116.71,116.73,2752289,,35595
2022-12-27 14:53:16.081000,,,2753224,,
2022-12-27 14:53:16.612000,,,2753225,,35596
2022-12-27 14:53:17.149000,,116.72,,,
2022-12-27 14:53:17.679000,,116.73,2753735,,35597
2022-12-27 14:53:18.184000,,,2753998,,35598
2022-12-27 14:53:18.688000,,,2754255,,
2022-12-27 14:53:19.248000,116.72,116.74,2757142,,35599
2022-12-27 14:53:19.773000,116.71,,2757814,,
2022-12-27 14:53:20.284000,116.72,,2758286,,
2022-12-27 14:53:20.787000,,116.73,2758332,,35600
2022-12-27 14:53:21.320000,,,2758436,,35601
2022-12-27 14:53:21.831000,116.68,116.69,2761148,,
2022-12-27 14:53:22.357000,116.66,116.68,2761549,,
2022-12-27 14:53:22.858000,,116.69,2761556,,35602
2022-12-27 14:53:23.366000,,116.68,2761766,,35603
2022-12-27 14:53:23.890000,116.64,116.67,2762214,,
2022-12-27 14:53:24.423000,116.63,116.66,2762218,,35604
2022-12-27 14:53:24.953000,116.62,116.65,2762219,,
2022-12-27 14:53:25.477000,,,2762252,,35605
2022-12-27 14:53:25.989000,116.63,116.67,2763773,,
2022-12-27 14:53:26.535000,116.66,116.69,2763795,,35606
2022-12-27 14:53:27.072000,116.68,116.7,2765245,,
2022-12-27 14:53:27.961000,116.69,,2765271,,35607
2022-12-27 14:53:28.483000,116.67,116.69,2765480,,35608
2022-12-27 14:53:29.018000,116.68,116.7,2767113,,
2022-12-27 14:53:29.537000,,116.69,2767665,,35609
2022-12-27 14:53:30.063000,116.67,,,,
2022-12-27 14:53:30.577000,116.64,116.68,2768008,,35610
2022-12-27 14:53:31.094000,116.63,116.67,2768032,,
2022-12-27 14:53:31.616000,116.65,116.68,2768857,,35611
2022-12-27 14:53:32.147000,116.63,116.66,2769068,,
2022-12-27 14:53:32.675000,,,2769298,,35612
2022-12-27 14:53:33.187000,,,2769456,,
2022-12-27 14:53:33.729000,,116.67,,,35613
2022-12-27 14:53:34.232000,116.64,,2769492,,
2022-12-27 14:53:34.837000,116.65,116.68,2769902,,35614
2022-12-27 14:53:35.339000,,116.67,2769958,,35615
2022-12-27 14:53:35.862000,116.66,116.68,2770238,,
2022-12-27 14:53:36.375000,,,,,35616
2022-12-27 14:53:36.901000,,,2770243,,
2022-12-27 14:53:37.436000,116.67,116.69,2771980,,35617
2022-12-27 14:53:37.961000,116.68,,2772107,,
2022-12-27 14:53:38.465000,,,2772108,,35618
2022-12-27 14:53:38.972000,,116.71,2772476,,
2022-12-27 14:53:39.484000,116.69,,2772563,,35619
2022-12-27 14:53:39.995000,,,2772565,,
2022-12-27 14:53:40.541000,,116.7,,,35620
2022-12-27 14:53:41.058000,,116.71,2773280,,
2022-12-27 14:53:41.604000,116.68,116.7,2773693,,35621
2022-12-27 14:53:42.110000,116.66,116.68,2774076,,
2022-12-27 14:53:42.632000,,,2774326,,35622
2022-12-27 14:53:43.161000,116.69,116.71,2774327,,
2022-12-27 14:53:43.676000,,,2774333,,35623
2022-12-27 14:53:44.191000,,,2774544,,
2022-12-27 14:53:44.699000,,,2778067,,35624
2022-12-27 14:53:45.230000,116.71,116.73,2778995,,35625
2022-12-27 14:53:45.736000,,116.74,,,
2022-12-27 14:53:46.280000,,116.73,2778999,,
2022-12-27 14:53:46.791000,,,,,35626
2022-12-27 14:53:47.321000,,116.74,2779011,,35627
2022-12-27 14:53:47.929000,,,2779111,,
2022-12-27 14:53:48.439000,,,2779142,,
2022-12-27 14:53:48.952000,,,2782242,,35628
2022-12-27 14:53:49.499000,,,2782462,,35629
2022-12-27 14:53:50.022000,116.73,116.75,2782669,,
2022-12-27 14:53:50.583000,116.71,116.74,2782898,,35630
2022-12-27 14:53:51.111000,116.73,,,,
2022-12-27 14:53:51.618000,,,2783173,,35631
2022-12-27 14:53:52.155000,116.71,,2784018,,
2022-12-27 14:53:52.680000,116.72,116.73,2784280,,35632
2022-12-27 14:53:53.224000,116.67,116.71,2787149,,35633
2022-12-27 14:53:53.736000,116.69,116.73,2788670,,
2022-12-27 14:53:54.258000,,,2788720,,35634
2022-12-27 14:53:54.798000,116.68,116.7,2789128,,
2022-12-27 14:53:55.317000,116.69,116.72,2789130,,35635
2022-12-27 14:53:55.849000,116.7,,2789285,,
2022-12-27 14:53:56.372000,116.69,,2790785,,
2022-12-27 14:53:56.877000,,116.71,2790792,,35636
2022-12-27 14:53:57.385000,,,2791006,,
