time,bid_price,ask_price,total_volume,open_price,quote_time
2022-12-29 14:31:11.549000,116.74,116.77,453961,116.4,34271
2022-12-29 14:31:12.077000,116.68,116.71,456306,,
2022-12-29 14:31:12.610000,116.67,,,,34272
2022-12-29 14:31:13.112000,,,456307,,
2022-12-29 14:31:13.622000,116.65,116.7,456317,,34273
2022-12-29 14:31:14.677000,,,456343,,34274
2022-12-29 14:31:15.711000,116.57,116.61,456795,,34275
2022-12-29 14:31:16.242000,,,457296,,34276
2022-12-29 14:31:16.773000,116.56,,457434,,
2022-12-29 14:31:17.289000,,,457996,,34277
2022-12-29 14:31:17.828000,,,458011,,
2022-12-29 14:31:18.370000,116.52,116.57,458151,,34278
2022-12-29 14:31:18.902000,,116.56,458154,,
2022-12-29 14:31:19.432000,,116.55,,,
2022-12-29 14:31:19.963000,116.5,116.52,458455,,34279
2022-12-29 14:31:20.490000,116.43,116.46,460412,,34280
2022-12-29 14:31:20.995000,116.49,116.54,462724,,
2022-12-29 14:31:21.527000,116.48,116.51,462727,,34281
2022-12-29 14:31:22.039000,116.46,116.5,463057,,
2022-12-29 14:31:22.575000,116.43,116.46,463202,,34282
2022-12-29 14:31:23.114000,,,463353,,
2022-12-29 14:31:23.645000,,,463611,,34283
2022-12-29 14:31:24.182000,,116.45,,,
2022-12-29 14:31:24.720000,116.42,116.47,466731,,34284
2022-12-29 14:31:25.230000,116.43,116.46,466829,,
2022-12-29 14:31:25.744000,116.4,116.44,467903,,34285
2022-12-29 14:31:26.288000,116.39,116.42,468078,,
2022-12-29 14:31:26.812000,116.43,116.46,474150,,34286
2022-12-29 14:31:27.349000,,116.48,474650,,34287
2022-12-29 14:31:27.871000,116.44,116.5,475279,,
2022-12-29 14:31:28.409000,116.46,116.51,475282,,34288
2022-12-29 14:31:28.941000,116.45,,477342,,
2022-12-29 14:31:29.465000,116.51,116.58,477353,,34289
2022-12-29 14:31:30.001000,116.52,116.57,477453,,
2022-12-29 14:31:30.547000,116.46,116.51,477760,,34290
2022-12-29 14:31:31.083000,116.49,116.53,480936,,
2022-12-29 14:31:31.609000,,,481054,,34291
2022-12-29 14:31:32.120000,116.5,116.56,481383,,
2022-12-29 14:31:32.640000,116.44,116.5,482551,,34292
2022-12-29 14:31:33.159000,,116.48,482809,,
2022-12-29 14:31:33.701000,116.47,,482909,,34293
2022-12-29 14:31:34.231000,116.49,116.53,482969,,
2022-12-29 14:31:34.738000,,,,,34294
2022-12-29 14:31:35.269000,,,483224,,34295
2022-12-29 14:31:35.794000,116.45,116.5,,,
2022-12-29 14:31:36.306000,,116.48,483367,,34296
2022-12-29 14:31:36.831000,,,483712,,
2022-12-29 14:31:37.362000,116.46,,,,34297
2022-12-29 14:31:37.874000,116.47,116.5,,,
2022-12-29 14:31:38.378000,116.4,116.44,485005,,34298
2022-12-29 14:31:39.930000,,,485312,,34299
2022-12-29 14:31:40.461000,116.41,116.46,486614,,34300
2022-12-29 14:31:40.986000,116.43,116.48,486930,,
2022-12-29 14:31:41.492000,,116.47,486980,,34301
2022-12-29 14:31:42.022000,116.44,116.48,487557,,
2022-12-29 14:31:42.552000,116.43,116.47,487560,,34302
2022-12-29 14:31:43.079000,,116.48,487574,,
2022-12-29 14:31:43.582000,116.4,116.43,487861,,34303
2022-12-29 14:31:44.085000,,,488466,,
2022-12-29 14:31:44.634000,116.38,116.41,494353,,34304
2022-12-29 14:31:45.146000,116.45,116.49,494458,,
2022-12-29 14:31:45.671000,,116.5,494960,,34305
2022-12-29 14:31:46.202000,116.46,,501263,,
2022-12-29 14:31:46.706000,116.44,116.48,502663,,34306
2022-12-29 14:31:47.223000,116.45,116.5,502672,,
2022-12-29 14:31:47.741000,116.44,116.47,502674,,34307
2022-12-29 14:31:48.254000,116.37,116.41,504090,,34308
2022-12-29 14:31:48.780000,,116.39,504104,,
2022-12-29 14:31:49.297000,,,504150,,34309
2022-12-29 14:31:50.352000,,116.4,504151,,34310
2022-12-29 14:31:50.877000,116.31,116.35,504841,,
2022-12-29 14:31:51.408000,116.26,116.3,506047,,34311
2022-12-29 14:31:51.934000,116.27,,,,
2022-12-29 14:31:52.445000,116.25,,,,34312
2022-12-29 14:31:52.949000,,,506212,,
2022-12-29 14:31:53.482000,,116.29,506227,,34313
2022-12-29 14:31:54.022000,116.26,,509014,,
2022-12-29 14:31:55.056000,116.27,116.3,510515,,34314
2022-12-29 14:31:55.564000,116.28,,510865,,34315
2022-12-29 14:31:56.069000,116.24,116.26,513165,,
2022-12-29 14:31:56.574000,,116.28,513180,,34316
2022-12-29 14:31:57.105000,116.2,116.23,514671,,
2022-12-29 14:31:57.629000,116.15,116.19,515459,,34317
2022-12-29 14:31:58.160000,,,515466,,
2022-12-29 14:31:58.691000,116.13,116.15,521106,,34318
2022-12-29 14:31:59.225000,116.14,116.16,522689,,
2022-12-29 14:31:59.736000,116.16,116.19,523767,,34319
2022-12-29 14:32:00.254000,,,525027,,
2022-12-29 14:32:00.785000,116.12,116.14,528524,,34320
2022-12-29 14:32:01.315000,116.09,116.11,529302,,34321
2022-12-29 14:32:01.827000,116.06,116.1,530737,,
2022-12-29 14:32:02.373000,116.07,,532165,,34322
2022-12-29 14:32:02.885000,116.08,,533116,,
2022-12-29 14:32:03.408000,116.09,116.13,535255,,34323
2022-12-29 14:32:03.952000,,,539114,,
2022-12-29 14:32:04.477000,116.08,,540137,,34324
2022-12-29 14:32:04.979000,,116.1,540483,,
2022-12-29 14:32:05.488000,116.07,,540484,,34325
2022-12-29 14:32:06.019000,116.06,,540584,,
2022-12-29 14:32:06.551000,116.09,116.15,541365,,34326
2022-12-29 14:32:07.062000,116.1,,541603,,
2022-12-29 14:32:07.580000,116.09,,542240,,34327
2022-12-29 14:32:08.091000,,116.13,544330,,
2022-12-29 14:32:08.596000,116.12,116.18,545630,,34328
2022-12-29 14:32:09.103000,116.08,116.14,545750,,
2022-12-29 14:32:09.633000,116.16,116.22,,,34329
2022-12-29 14:32:10.175000,116.1,116.16,546200,,
2022-12-29 14:32:10.681000,116.14,116.19,546250,,34330
2022-12-29 14:32:11.211000,,,546293,,
2022-12-29 14:32:11.743000,116.1,116.16,546393,,34331
2022-12-29 14:32:12.272000,116.08,116.12,547607,,34332
2022-12-29 14:32:12.808000,,116.1,,,
2022-12-29 14:32:13.354000,,116.12,547807,,34333
2022-12-29 14:32:13.887000,116.06,116.1,547991,,
2022-12-29 14:32:14.389000,,,548230,,34334
2022-12-29 14:32:14.896000,116.08,116.11,,,
2022-12-29 14:32:15.437000,,,,,34335
2022-12-29 14:32:15.961000,,,548252,,
2022-12-29 14:32:16.499000,116.07,116.12,548679,,34336
2022-12-29 14:32:17.011000,116.11,116.17,548734,,
2022-12-29 14:32:17.536000,116.07,116.12,548938,,34337
2022-12-29 14:32:18.060000,116.06,116.09,549152,,
2022-12-29 14:32:18.591000,,116.12,549354,,34338
2022-12-29 14:32:19.099000,,,550355,,
2022-12-29 14:32:19.612000,116.1,116.15,,,34339
2022-12-29 14:32:20.135000,116.08,116.13,550490,,
2022-12-29 14:32:20.652000,116.05,116.08,556165,,34340
2022-12-29 14:32:21.176000,,116.07,556765,,
2022-12-29 14:32:21.713000,,,557665,,34341
2022-12-29 14:32:22.238000,116.01,116.04,560268,,
2022-12-29 14:32:22.796000,116.07,116.1,561951,,34342
2022-12-29 14:32:23.304000,116.06,116.09,562528,,34343
2022-12-29 14:32:23.829000,116.07,,562828,,
2022-12-29 14:32:24.363000,116.06,116.1,563878,,34344
2022-12-29 14:32:24.875000,116.05,116.09,564648,,
2022-12-29 14:32:25.389000,,,,,34345
2022-12-29 14:32:25.920000,116.07,116.1,564748,,
2022-12-29 14:32:26.445000,116.08,,564751,,34346
2022-12-29 14:32:26.978000,116.07,,564753,,
2022-12-29 14:32:27.507000,116.04,116.06,565753,,34347
2022-12-29 14:32:28.024000,,,566188,,
2022-12-29 14:32:28.563000,,116.08,567033,,34348
2022-12-29 14:32:29.105000,116.02,,567138,,
2022-12-29 14:32:29.607000,116.03,,567320,,34349
2022-12-29 14:32:30.121000,116.01,116.05,568080,,
2022-12-29 14:32:30.641000,116.02,,568210,,34350
2022-12-29 14:32:31.179000,,116.06,570389,,
2022-12-29 14:32:31.701000,116.01,116.05,570491,,34351
2022-12-29 14:32:32.218000,116.02,116.06,570835,,
2022-12-29 14:32:32.729000,116.03,,571737,,34352
2022-12-29 14:32:33.233000,116.02,,571837,,
2022-12-29 14:32:33.750000,116.03,116.07,572583,,34353
2022-12-29 14:32:34.281000,116.02,116.08,574783,,34354
2022-12-29 14:32:34.788000,116.03,116.07,574841,,
2022-12-29 14:32:35.333000,116,116.03,575739,,34355
2022-12-29 14:32:35.849000,115.87,115.91,591722,,
2022-12-29 14:32:36.354000,115.86,115.88,592720,,34356
2022-12-29 14:32:36.904000,115.84,115.87,596032,,
2022-12-29 14:32:37.436000,115.82,115.86,597178,,
2022-12-29 14:32:37.962000,115.8,115.84,598249,,34357
2022-12-29 14:32:38.473000,115.83,115.86,598569,,34358
2022-12-29 14:32:38.998000,,115.87,602009,,
2022-12-29 14:32:39.509000,,115.86,605423,,34359
2022-12-29 14:32:40.035000,115.89,115.94,609326,,
2022-12-29 14:32:40.549000,115.9,115.93,609717,,34360
2022-12-29 14:32:41.072000,115.91,115.97,611718,,
2022-12-29 14:32:41.604000,115.94,115.99,613434,,34361
2022-12-29 14:32:42.122000,,115.96,613660,,
2022-12-29 14:32:42.633000,115.92,115.95,614617,,34362
2022-12-29 14:32:43.157000,115.91,,615321,,
2022-12-29 14:32:43.668000,,,616032,,34363
2022-12-29 14:32:44.198000,115.93,,617188,,
2022-12-29 14:32:44.710000,115.92,,617692,,34364
2022-12-29 14:32:45.212000,115.86,115.9,619010,,
2022-12-29 14:32:45.737000,,115.89,620397,,34365
2022-12-29 14:32:46.254000,115.82,115.84,620838,,
2022-12-29 14:32:46.759000,,115.87,621838,,34366
2022-12-29 14:32:47.284000,115.81,115.83,622339,,34367
2022-12-29 14:32:47.826000,115.87,115.9,622740,,
2022-12-29 14:32:48.346000,115.85,115.89,623290,,34368
2022-12-29 14:32:48.857000,115.87,115.9,623301,,
2022-12-29 14:32:49.401000,115.89,115.92,625921,,34369
2022-12-29 14:32:49.911000,,,626072,,
2022-12-29 14:32:50.438000,115.88,,626330,,34370
2022-12-29 14:32:50.951000,,115.93,626535,,
2022-12-29 14:32:51.476000,115.89,,627450,,34371
2022-12-29 14:32:52.008000,115.88,115.92,627551,,
2022-12-29 14:32:52.511000,115.89,115.93,627651,,34372
2022-12-29 14:32:53.022000,115.95,115.99,629296,,
2022-12-29 14:32:53.524000,115.91,115.95,631482,,34373
2022-12-29 14:32:54.030000,115.9,,631743,,
2022-12-29 14:32:54.556000,115.95,115.99,632906,,34374
2022-12-29 14:32:55.093000,115.93,115.97,633031,,
2022-12-29 14:32:55.599000,,115.98,633402,,34375
2022-12-29 14:32:56.112000,115.94,115.99,633459,,
2022-12-29 14:32:56.637000,115.93,115.96,633561,,34376
2022-12-29 14:32:57.169000,,,633869,,
2022-12-29 14:32:57.671000,,115.98,634153,,34377
2022-12-29 14:32:58.176000,115.94,115.99,634158,,
2022-12-29 14:32:58.688000,115.96,116,635169,,34378
2022-12-29 14:32:59.211000,,,635219,,
2022-12-29 14:32:59.722000,115.97,115.99,635220,,34379
2022-12-29 14:33:00.240000,115.94,115.98,,,
2022-12-29 14:33:00.758000,115.95,115.99,635384,,34380
2022-12-29 14:33:01.271000,115.99,116.02,637277,,
2022-12-29 14:33:01.805000,116.03,116.07,640155,,34381
2022-12-29 14:33:02.306000,116.07,116.11,641724,,34382
2022-12-29 14:33:02.825000,116.02,116.06,642344,,
2022-12-29 14:33:03.337000,115.99,116.03,643184,,34383
2022-12-29 14:33:03.848000,,,643495,,
2022-12-29 14:33:04.352000,116.01,116.06,646464,,34384
2022-12-29 14:33:04.870000,,116.05,646764,,
2022-12-29 14:33:05.391000,115.99,116.03,647035,,34385
2022-12-29 14:33:05.911000,116,116.05,647586,,
2022-12-29 14:33:06.430000,115.99,116.02,647587,,34386
2022-12-29 14:33:06.955000,,116.04,647672,,
2022-12-29 14:33:07.477000,,116.02,651472,,34387
2022-12-29 14:33:08.014000,,,651498,,
2022-12-29 14:33:08.518000,,116.05,651798,,34388
2022-12-29 14:33:09.056000,115.94,115.96,653521,,
2022-12-29 14:33:09.574000,,115.98,654721,,34389
2022-12-29 14:33:10.091000,115.97,116.02,654729,,
2022-12-29 14:33:10.592000,,,654866,,34390
2022-12-29 14:33:11.111000,,,655171,,
2022-12-29 14:33:11.631000,115.92,115.95,655781,,34391
2022-12-29 14:33:12.136000,115.9,115.93,655931,,
2022-12-29 14:33:12.647000,,115.94,656546,,34392
2022-12-29 14:33:13.153000,115.89,115.93,657126,,
2022-12-29 14:33:13.683000,,115.92,657128,,34393
2022-12-29 14:33:14.220000,,115.93,657928,,
2022-12-29 14:33:14.753000,,115.92,658493,,34394
2022-12-29 14:33:15.264000,115.84,115.87,659915,,
2022-12-29 14:33:15.808000,115.86,115.92,661969,,34395
2022-12-29 14:33:16.333000,115.88,,665900,,34396
2022-12-29 14:33:16.858000,,,665909,,
2022-12-29 14:33:17.437000,115.81,115.84,667077,,34397
2022-12-29 14:33:17.975000,115.78,115.82,677022,,
2022-12-29 14:33:18.494000,,,678168,,34398
2022-12-29 14:33:19.005000,115.76,115.79,678281,,
2022-12-29 14:33:19.509000,115.82,115.84,678814,,34399
2022-12-29 14:33:20.027000,115.77,115.82,680258,,
2022-12-29 14:33:20.569000,115.76,115.81,680661,,34400
2022-12-29 14:33:21.075000,115.78,115.82,681161,,
2022-12-29 14:33:21.589000,115.76,115.8,681471,,34401
2022-12-29 14:33:22.094000,115.77,115.81,682571,,
2022-12-29 14:33:22.618000,115.78,115.82,683876,,34402
2022-12-29 14:33:23.129000,115.82,115.86,684276,,34403
2022-12-29 14:33:23.652000,115.81,115.85,684495,,
2022-12-29 14:33:24.179000,115.82,115.86,684498,,
2022-12-29 14:33:24.716000,115.86,115.89,685085,,34404
2022-12-29 14:33:25.246000,115.83,115.86,685385,,
2022-12-29 14:33:25.763000,115.85,115.89,686991,,34405
2022-12-29 14:33:26.304000,115.83,115.86,687629,,34406
2022-12-29 14:33:26.829000,115.82,115.85,687840,,
2022-12-29 14:33:27.344000,115.79,115.83,688743,,34407
2022-12-29 14:33:27.879000,115.81,,688943,,
2022-12-29 14:33:28.403000,115.8,,689211,,34408
2022-12-29 14:33:28.919000,,115.82,689311,,
2022-12-29 14:33:29.436000,115.78,,689381,,34409
2022-12-29 14:33:29.982000,115.82,115.84,691050,,
2022-12-29 14:33:30.521000,,115.85,691294,,34410
2022-12-29 14:33:31.039000,,115.86,691522,,
2022-12-29 14:33:31.560000,,115.85,691523,,34411
2022-12-29 14:33:32.097000,,,692307,,
2022-12-29 14:33:32.619000,,,692408,,34412
2022-12-29 14:33:33.132000,,,692639,,
2022-12-29 14:33:33.656000,,115.84,695540,,34413
2022-12-29 14:33:34.174000,115.85,115.88,696316,,
2022-12-29 14:33:34.691000,115.84,115.89,696426,,34414
2022-12-29 14:33:35.194000,115.83,115.88,696556,,
2022-12-29 14:33:35.701000,115.9,115.94,697178,,34415
2022-12-29 14:33:36.219000,115.91,,698039,,
2022-12-29 14:33:36.763000,115.89,,699210,,34416
2022-12-29 14:33:37.288000,115.9,,,,34417
2022-12-29 14:33:37.826000,,,699213,,
2022-12-29 14:33:38.329000,115.92,115.97,699725,,34418
2022-12-29 14:33:38.862000,115.93,115.98,700326,,
2022-12-29 14:33:39.365000,115.94,,700344,,34419
2022-12-29 14:33:39.876000,,,703454,,
2022-12-29 14:33:40.528000,115.93,115.97,703994,,34420
2022-12-29 14:33:41.070000,115.96,115.99,704508,,
2022-12-29 14:33:41.608000,116,116.03,705288,,34421
2022-12-29 14:33:42.120000,116.04,116.08,705892,,
2022-12-29 14:33:42.623000,116.02,116.06,706560,,34422
2022-12-29 14:33:43.161000,,116.07,706710,,34423
2022-12-29 14:33:43.706000,,,706995,,
2022-12-29 14:33:44.236000,116.03,116.06,706996,,34424
2022-12-29 14:33:44.742000,116.04,116.07,707312,,
2022-12-29 14:33:45.263000,116.01,116.05,707614,,34425
2022-12-29 14:33:45.790000,,116.06,711214,,
2022-12-29 14:33:46.319000,116.02,116.05,711517,,34426
2022-12-29 14:33:46.836000,116.04,116.07,712301,,
2022-12-29 14:33:47.362000,116.08,116.11,713744,,34427
2022-12-29 14:33:47.874000,116.13,116.19,715871,,
2022-12-29 14:33:48.418000,116.19,116.22,717088,,34428
2022-12-29 14:33:48.949000,116.27,116.3,718700,,
2022-12-29 14:33:49.493000,116.28,116.32,719231,,34429
2022-12-29 14:33:50.004000,116.27,,719336,,
2022-12-29 14:33:50.509000,116.26,116.3,729718,,34430
2022-12-29 14:33:51.040000,116.3,116.34,730198,,
2022-12-29 14:33:51.544000,116.28,116.33,730215,,34431
2022-12-29 14:33:52.055000,116.29,,730700,,
2022-12-29 14:33:52.560000,116.3,,731814,,34432
2022-12-29 14:33:53.089000,116.39,116.43,732900,,
2022-12-29 14:33:53.609000,116.36,116.41,734142,,34433
2022-12-29 14:33:54.111000,116.38,116.43,734409,,
2022-12-29 14:33:54.628000,116.41,116.44,739367,,34434
2022-12-29 14:33:55.169000,116.42,116.47,739656,,
2022-12-29 14:33:55.678000,116.44,116.48,743656,,34435
2022-12-29 14:33:56.189000,116.42,116.47,743931,,
2022-12-29 14:33:56.696000,,,744053,,34436
2022-12-29 14:33:57.213000,,116.46,744387,,
2022-12-29 14:33:57.752000,,,744908,,34437
2022-12-29 14:33:58.256000,,,744945,,
2022-12-29 14:33:58.768000,,116.47,753195,,34438
2022-12-29 14:33:59.304000,116.49,116.52,753690,,34439
2022-12-29 14:33:59.841000,,,753813,,
2022-12-29 14:34:00.367000,116.46,116.51,756589,,34440
2022-12-29 14:34:00.879000,116.48,116.52,756701,,
2022-12-29 14:34:01.385000,116.47,,757311,,34441
2022-12-29 14:34:01.890000,116.46,116.51,757529,,
2022-12-29 14:34:02.431000,116.47,116.52,757837,,34442
2022-12-29 14:34:02.969000,116.55,116.6,767150,,
2022-12-29 14:34:03.488000,116.57,,767568,,34443
2022-12-29 14:34:04.006000,116.54,116.58,769649,,
2022-12-29 14:34:04.547000,116.59,116.62,770313,,34444
2022-12-29 14:34:05.058000,,,770473,,
2022-12-29 14:34:05.604000,116.57,116.61,771273,,34445
2022-12-29 14:34:06.140000,,,774733,,
2022-12-29 14:34:06.644000,,116.62,,,34446
2022-12-29 14:34:07.167000,,116.6,774883,,
2022-12-29 14:34:07.680000,,,774906,,34447
2022-12-29 14:34:08.223000,,116.59,775106,,
2022-12-29 14:34:08.742000,116.56,,776657,,34448
2022-12-29 14:34:09.797000,,116.6,776793,,34449
2022-12-29 14:34:10.336000,116.59,116.62,776876,,34450
2022-12-29 14:34:10.874000,116.54,116.59,778394,,
2022-12-29 14:34:11.423000,116.53,116.58,778928,,34451
2022-12-29 14:34:11.935000,116.52,116.56,778949,,
2022-12-29 14:34:12.479000,116.55,116.59,779905,,34452
2022-12-29 14:34:13.046000,116.59,116.62,780126,,
2022-12-29 14:34:13.559000,116.62,116.65,781765,,34453
2022-12-29 14:34:14.588000,116.64,116.69,781891,,34454
2022-12-29 14:34:15.117000,,116.68,782451,,
2022-12-29 14:34:15.624000,,116.69,782551,,34455
2022-12-29 14:34:16.135000,,,783362,,
2022-12-29 14:34:16.659000,,116.67,783386,,34456
2022-12-29 14:34:17.191000,,,,,34457
2022-12-29 14:34:17.721000,,116.68,783391,,
2022-12-29 14:34:18.235000,,,784404,,
2022-12-29 14:34:18.758000,,,788220,,
2022-12-29 14:34:19.289000,,,788350,,34459
2022-12-29 14:34:19.813000,116.68,116.7,795693,,
2022-12-29 14:34:20.324000,,,795965,,
2022-12-29 14:34:20.849000,,,796674,,
2022-12-29 14:34:21.361000,116.72,116.75,797994,,34461
2022-12-29 14:34:21.887000,116.71,,799588,,
2022-12-29 14:34:22.392000,,116.76,800910,,34462
2022-12-29 14:34:22.902000,116.76,116.8,801401,,
2022-12-29 14:34:23.428000,116.75,,801756,,34463
2022-12-29 14:34:23.960000,116.76,,802326,,
2022-12-29 14:34:24.461000,116.77,,803374,,34464
2022-12-29 14:34:24.993000,116.74,116.79,804848,,
2022-12-29 14:34:25.520000,116.75,116.8,805119,,
2022-12-29 14:34:26.090000,,,805200,,34465
2022-12-29 14:34:26.602000,116.76,,806101,,34466
2022-12-29 14:34:27.127000,,116.81,807631,,34467
2022-12-29 14:34:27.639000,116.79,116.83,807782,,
2022-12-29 14:34:28.165000,116.82,116.86,810000,,34468
2022-12-29 14:34:28.689000,116.78,116.82,810340,,
2022-12-29 14:34:29.226000,116.81,116.85,812594,,
2022-12-29 14:34:29.765000,,,813651,,34469
2022-12-29 14:34:30.310000,116.79,116.84,,,34470
2022-12-29 14:34:30.814000,116.78,116.83,813761,,
2022-12-29 14:34:31.343000,116.79,116.84,815802,,34471
2022-12-29 14:34:31.870000,116.81,116.85,820836,,
2022-12-29 14:34:32.400000,116.8,,820932,,34472
2022-12-29 14:34:32.929000,116.85,116.88,821176,,
2022-12-29 14:34:33.468000,116.84,116.87,821676,,34473
2022-12-29 14:34:33.991000,116.88,116.9,822441,,
2022-12-29 14:34:34.506000,116.91,116.96,824218,,34474
2022-12-29 14:34:35.019000,116.93,,824364,,
2022-12-29 14:34:35.562000,116.96,116.99,826402,,34475
2022-12-29 14:34:36.074000,,116.98,826803,,
2022-12-29 14:34:36.575000,,,827317,,34476
2022-12-29 14:34:37.087000,116.93,,827349,,
2022-12-29 14:34:37.588000,116.88,116.94,827819,,34477
2022-12-29 14:34:38.100000,116.87,116.93,827869,,34478
2022-12-29 14:34:38.626000,116.86,116.9,829699,,
2022-12-29 14:34:39.134000,116.9,116.95,833574,,
2022-12-29 14:34:39.665000,,116.93,834579,,34479
2022-12-29 14:34:40.189000,116.91,,835181,,
2022-12-29 14:34:40.727000,116.86,116.9,835396,,34480
2022-12-29 14:34:41.250000,116.85,,836515,,34481
2022-12-29 14:34:41.823000,116.89,116.92,837278,,
2022-12-29 14:34:42.360000,,,837316,,34482
2022-12-29 14:34:42.906000,116.85,116.89,837435,,
2022-12-29 14:34:43.429000,116.82,116.86,837536,,34483
2022-12-29 14:34:43.937000,116.81,116.87,838647,,
2022-12-29 14:34:44.451000,116.88,116.93,838943,,34484
2022-12-29 14:34:44.963000,,116.92,839594,,
2022-12-29 14:34:45.494000,116.83,116.87,839695,,34485
2022-12-29 14:34:46.006000,,,839870,,
2022-12-29 14:34:46.531000,116.8,116.84,845115,,34486
2022-12-29 14:34:47.068000,116.85,116.89,846430,,34487
2022-12-29 14:34:47.587000,116.84,,846831,,
2022-12-29 14:34:48.132000,116.88,116.93,847153,,34488
2022-12-29 14:34:48.668000,,116.9,847841,,
2022-12-29 14:34:49.209000,,,848298,,34489
2022-12-29 14:34:49.727000,116.9,116.93,848399,,
2022-12-29 14:34:50.264000,116.89,,849049,,34490
2022-12-29 14:34:50.796000,,,850394,,
2022-12-29 14:34:51.325000,116.95,116.96,856791,,34491
2022-12-29 14:34:51.844000,116.92,116.95,857301,,
2022-12-29 14:34:52.375000,116.93,,857461,,34492
2022-12-29 14:34:52.879000,116.92,,857809,,
2022-12-29 14:34:53.411000,,,857860,,
2022-12-29 14:34:53.915000,,,857861,,
2022-12-29 14:34:54.951000,,,858679,,
2022-12-29 14:34:55.475000,116.93,116.96,859118,,34495
2022-12-29 14:34:55.993000,116.92,116.95,859244,,
2022-12-29 14:34:56.537000,116.93,,860107,,34496
2022-12-29 14:34:57.075000,116.95,116.98,860624,,
2022-12-29 14:34:57.590000,116.98,117,863285,,34497
2022-12-29 14:34:58.108000,116.93,116.98,866786,,
2022-12-29 14:34:58.654000,116.94,,,,34498
2022-12-29 14:34:59.198000,116.95,,866887,,
2022-12-29 14:34:59.716000,116.94,,868507,,34499
2022-12-29 14:35:00.254000,116.91,116.96,870792,,34500
2022-12-29 14:35:00.767000,116.83,116.87,876205,,
2022-12-29 14:35:01.308000,116.87,116.89,878553,,34501
2022-12-29 14:35:01.825000,,116.91,879830,,
2022-12-29 14:35:02.349000,116.91,116.94,881012,,34502
2022-12-29 14:35:02.861000,116.9,,881212,,
2022-12-29 14:35:03.375000,116.91,,881214,,34503
2022-12-29 14:35:03.887000,116.95,116.99,881709,,
2022-12-29 14:35:04.391000,,117,881909,,34504
2022-12-29 14:35:04.921000,,116.99,881996,,
2022-12-29 14:35:05.422000,116.91,116.94,882824,,34505
2022-12-29 14:35:05.934000,116.9,116.91,885124,,
2022-12-29 14:35:06.459000,116.91,116.95,885613,,34506
2022-12-29 14:35:06.972000,116.92,,,,
2022-12-29 14:35:07.495000,116.91,,887289,,34507
2022-12-29 14:35:08.020000,116.94,116.97,887544,,
2022-12-29 14:35:08.538000,116.92,116.95,887744,,34508
2022-12-29 14:35:09.057000,116.91,,888310,,34509
2022-12-29 14:35:09.598000,,116.94,889167,,
2022-12-29 14:35:10.142000,116.93,116.98,889268,,34510
2022-12-29 14:35:10.675000,116.96,116.99,889285,,
2022-12-29 14:35:11.199000,,117,890363,,34511
2022-12-29 14:35:11.743000,116.99,,895700,,
2022-12-29 14:35:12.255000,116.97,,897261,,
2022-12-29 14:35:12.778000,,,899279,,34512
2022-12-29 14:35:13.289000,,,899756,,34513
2022-12-29 14:35:13.833000,116.99,117.01,902615,,
2022-12-29 14:35:14.365000,116.97,117,902815,,34514
2022-12-29 14:35:14.876000,116.95,116.99,903532,,
2022-12-29 14:35:15.410000,,116.98,904099,,34515
2022-12-29 14:35:16.471000,116.92,116.96,904321,,34516
2022-12-29 14:35:16.995000,,,906228,,
2022-12-29 14:35:17.512000,,,,,34517
2022-12-29 14:35:18.044000,,116.95,906356,,
2022-12-29 14:35:18.548000,116.93,,906358,,34518
2022-12-29 14:35:19.092000,116.96,116.98,907433,,34519
2022-12-29 14:35:19.609000,,,909045,,
2022-12-29 14:35:20.141000,116.95,116.97,911362,,34520
2022-12-29 14:35:20.687000,116.94,,,,
2022-12-29 14:35:21.199000,116.97,116.98,911960,,
2022-12-29 14:35:21.723000,116.94,116.97,912562,,34521
2022-12-29 14:35:22.229000,,116.96,912762,,34522
2022-12-29 14:35:22.737000,116.92,,913512,,
2022-12-29 14:35:23.248000,116.93,,913515,,
2022-12-29 14:35:23.762000,116.92,,913615,,34523
2022-12-29 14:35:24.267000,116.89,116.93,914033,,
2022-12-29 14:35:24.801000,116.88,116.91,914538,,34524
2022-12-29 14:35:25.307000,116.86,116.88,914695,,34525
2022-12-29 14:35:25.836000,,,914700,,
2022-12-29 14:35:26.375000,116.83,116.86,916983,,34526
2022-12-29 14:35:26.893000,116.82,116.85,917794,,
2022-12-29 14:35:27.405000,116.78,116.83,921047,,34527
2022-12-29 14:35:27.929000,116.81,116.85,922282,,
2022-12-29 14:35:28.435000,116.85,116.86,923651,,34528
2022-12-29 14:35:28.944000,116.82,116.85,924543,,
2022-12-29 14:35:29.451000,116.85,116.89,926238,,34529
2022-12-29 14:35:29.956000,116.82,116.84,927496,,
2022-12-29 14:35:30.487000,116.83,116.87,928776,,34530
2022-12-29 14:35:31.019000,116.86,116.88,929234,,
2022-12-29 14:35:31.543000,,116.89,929413,,34531
2022-12-29 14:35:32.077000,116.82,116.86,929924,,
2022-12-29 14:35:32.598000,116.83,,,,34532
2022-12-29 14:35:33.104000,116.84,,930928,,
2022-12-29 14:35:33.638000,,116.87,931337,,34533
2022-12-29 14:35:34.143000,,116.9,931779,,34534
2022-12-29 14:35:34.653000,116.83,116.86,932208,,
2022-12-29 14:35:35.158000,116.84,116.89,934128,,34535
2022-12-29 14:35:35.688000,116.78,116.83,934322,,
2022-12-29 14:35:36.226000,116.8,,934523,,
2022-12-29 14:35:36.734000,116.78,116.82,934544,,34536
2022-12-29 14:35:37.242000,116.84,116.87,935188,,34537
2022-12-29 14:35:37.777000,116.89,116.93,935489,,
2022-12-29 14:35:38.282000,116.9,,935616,,
2022-12-29 14:35:38.790000,,116.92,936491,,34538
2022-12-29 14:35:39.322000,116.91,116.95,937259,,34539
2022-12-29 14:35:39.824000,,,938730,,
2022-12-29 14:35:40.330000,,116.94,939151,,34540
2022-12-29 14:35:40.857000,116.9,116.93,942430,,
2022-12-29 14:35:41.396000,116.93,116.97,942831,,34541
2022-12-29 14:35:41.898000,,,942881,,
2022-12-29 14:35:42.425000,,,,,34542
2022-12-29 14:35:42.956000,116.95,,943056,,
2022-12-29 14:35:43.482000,116.93,116.98,943106,,34543
2022-12-29 14:35:44.019000,,116.97,943810,,
2022-12-29 14:35:44.538000,,,943870,,34544
2022-12-29 14:35:45.050000,,,943880,,
2022-12-29 14:35:45.554000,,116.96,944201,,34545
2022-12-29 14:35:46.080000,116.94,116.97,944523,,34546
2022-12-29 14:35:46.614000,,,944971,,
2022-12-29 14:35:47.121000,116.93,116.96,945472,,34547
2022-12-29 14:35:47.634000,,,945572,,
2022-12-29 14:35:48.175000,,,945647,,
2022-12-29 14:35:48.707000,,,,,34548
2022-12-29 14:35:49.231000,,,946747,,34549
2022-12-29 14:35:49.742000,,116.95,946923,,
2022-12-29 14:35:50.247000,116.94,116.97,947096,,
2022-12-29 14:35:50.768000,116.97,116.99,948300,,34550
2022-12-29 14:35:51.285000,,,948739,,
2022-12-29 14:35:51.831000,,116.98,949540,,34551
2022-12-29 14:35:52.337000,116.94,116.97,949968,,34552
2022-12-29 14:35:52.879000,116.96,116.99,950500,,
2022-12-29 14:35:53.411000,116.94,,950501,,34553
2022-12-29 14:35:53.935000,116.95,116.98,951486,,
2022-12-29 14:35:54.446000,,,953406,,34554
2022-12-29 14:35:54.971000,116.94,,953491,,
2022-12-29 14:35:55.488000,,,953801,,34555
2022-12-29 14:35:55.994000,116.98,116.99,956810,,
2022-12-29 14:35:56.507000,116.97,117,956823,,34556
2022-12-29 14:35:57.032000,116.98,,958251,,
2022-12-29 14:35:57.544000,116.97,,959268,,34557
2022-12-29 14:35:58.068000,116.9,116.95,959625,,
2022-12-29 14:35:58.574000,,116.93,959658,,34558
2022-12-29 14:35:59.116000,,,959690,,
2022-12-29 14:35:59.648000,,116.92,961026,,34559
2022-12-29 14:36:00.192000,116.87,116.91,961467,,34560
2022-12-29 14:36:00.723000,116.84,116.87,962333,,
2022-12-29 14:36:01.233000,,116.88,962368,,34561
2022-12-29 14:36:01.747000,,116.87,963068,,
2022-12-29 14:36:02.287000,116.81,116.84,964368,,34562
2022-12-29 14:36:02.803000,116.77,116.8,964915,,
2022-12-29 14:36:03.315000,116.81,116.83,966809,,
2022-12-29 14:36:03.862000,116.8,,968714,,34563
2022-12-29 14:36:04.379000,,,969114,,34564
2022-12-29 14:36:04.923000,116.84,116.86,969802,,
2022-12-29 14:36:05.460000,116.83,116.85,970372,,34565
2022-12-29 14:36:06.001000,116.81,116.84,970650,,
2022-12-29 14:36:06.511000,116.8,,970751,,34566
2022-12-29 14:36:07.050000,116.84,116.88,971143,,
2022-12-29 14:36:07.577000,,116.87,971846,,34567
2022-12-29 14:36:08.095000,116.88,116.9,972021,,34568
2022-12-29 14:36:08.613000,,,972035,,
2022-12-29 14:36:09.145000,116.87,,,,34569
2022-12-29 14:36:09.674000,,,972135,,
2022-12-29 14:36:10.185000,,,972239,,
2022-12-29 14:36:10.727000,116.86,116.88,972247,,34570
2022-12-29 14:36:11.233000,116.85,116.87,972980,,34571
2022-12-29 14:36:11.765000,,,973382,,
2022-12-29 14:36:12.277000,116.9,116.94,975579,,
2022-12-29 14:36:12.779000,,116.92,975580,,34572
2022-12-29 14:36:13.317000,116.87,116.9,975779,,34573
2022-12-29 14:36:13.822000,,,975804,,
2022-12-29 14:36:14.378000,,,975900,,34574
2022-12-29 14:36:15.926000,,,,,34575
2022-12-29 14:36:16.471000,,,975901,,34576
2022-12-29 14:36:16.991000,,116.89,975935,,
2022-12-29 14:36:17.523000,,116.91,976151,,34577
2022-12-29 14:36:18.031000,,116.9,,,
2022-12-29 14:36:18.544000,,,976452,,34578
2022-12-29 14:36:19.066000,,,982677,,
2022-12-29 14:36:19.579000,,,982692,,34579
2022-12-29 14:36:20.081000,,,982696,,34580
2022-12-29 14:36:20.601000,116.88,116.91,982811,,
2022-12-29 14:36:21.133000,,,983044,,34581
2022-12-29 14:36:21.662000,116.92,116.93,984211,,
2022-12-29 14:36:22.188000,116.91,116.95,984682,,34582
2022-12-29 14:36:22.726000,116.9,116.94,,,
2022-12-29 14:36:23.227000,116.92,116.95,985858,,
2022-12-29 14:36:23.739000,116.91,,,,34583
2022-12-29 14:36:24.262000,116.92,116.96,985859,,34584
2022-12-29 14:36:24.773000,116.91,116.95,985896,,
2022-12-29 14:36:25.276000,116.92,,986097,,
2022-12-29 14:36:25.814000,116.91,116.94,986127,,34585
2022-12-29 14:36:26.333000,116.97,116.98,991758,,34586
2022-12-29 14:36:26.840000,116.91,116.95,992685,,
2022-12-29 14:36:27.348000,116.93,116.96,992849,,34587
2022-12-29 14:36:27.855000,,116.95,992859,,
2022-12-29 14:36:28.383000,,,992990,,
2022-12-29 14:36:28.915000,116.94,,993070,,34588
2022-12-29 14:36:29.439000,,,994119,,34589
2022-12-29 14:36:29.971000,116.96,116.98,997638,,
2022-12-29 14:36:31.007000,116.95,,997839,,34590
2022-12-29 14:36:31.532000,116.96,,997961,,34591
2022-12-29 14:36:32.037000,,,998014,,
2022-12-29 14:36:32.560000,116.98,116.99,1000306,,34592
2022-12-29 14:36:33.094000,117.01,117.03,1007929,,
2022-12-29 14:36:33.616000,,,1008330,,34593
2022-12-29 14:36:34.129000,117,,1008539,,34594
2022-12-29 14:36:34.653000,,,1009102,,
2022-12-29 14:36:35.159000,116.99,117.02,1010194,,34595
2022-12-29 14:36:35.667000,,,1010234,,
2022-12-29 14:36:36.173000,117,,1010536,,
2022-12-29 14:36:36.698000,116.97,117,1011869,,34596
2022-12-29 14:36:37.203000,116.98,,1011974,,34597
2022-12-29 14:36:37.731000,,,1012015,,
2022-12-29 14:36:38.263000,116.99,117.02,1012118,,
2022-12-29 14:36:38.787000,117,,1012137,,34598
2022-12-29 14:36:39.294000,117.01,,1012377,,
2022-12-29 14:36:39.803000,116.99,117.01,1012691,,34599
2022-12-29 14:36:40.336000,117,,1012878,,
2022-12-29 14:36:40.843000,116.97,,1013552,,34600
2022-12-29 14:36:41.372000,,,1015265,,34601
2022-12-29 14:36:41.904000,116.94,116.97,1018719,,
2022-12-29 14:36:42.408000,,,1018725,,34602
2022-12-29 14:36:42.914000,116.92,116.95,1020705,,
2022-12-29 14:36:43.426000,116.89,116.92,1021772,,34603
2022-12-29 14:36:43.933000,116.88,116.9,1022774,,
2022-12-29 14:36:44.461000,116.92,116.94,1023995,,34604
2022-12-29 14:36:44.993000,116.91,116.93,1024557,,
2022-12-29 14:36:45.519000,,,,,34605
2022-12-29 14:36:46.051000,116.88,116.9,1024976,,
2022-12-29 14:36:46.582000,,,1025006,,34606
2022-12-29 14:36:47.088000,116.89,116.91,1025892,,
2022-12-29 14:36:47.617000,116.92,116.94,1028250,,34607
2022-12-29 14:36:48.149000,116.93,116.95,1029625,,
2022-12-29 14:36:48.673000,116.95,116.98,1029849,,34608
2022-12-29 14:36:49.180000,,,1029874,,
2022-12-29 14:36:49.708000,,116.97,,,34609
2022-12-29 14:36:50.215000,,,,,34610
2022-12-29 14:36:50.723000,,,1029875,,
2022-12-29 14:36:51.255000,,116.98,1031931,,34611
2022-12-29 14:36:51.793000,116.93,116.96,1032464,,
2022-12-29 14:36:52.316000,116.94,,1033307,,
2022-12-29 14:36:52.822000,116.93,116.95,1033632,,34612
2022-12-29 14:36:53.326000,,,1033732,,
2022-12-29 14:36:53.833000,116.95,116.97,1035193,,34613
2022-12-29 14:36:54.362000,,,1035293,,
2022-12-29 14:36:54.869000,,,,,34614
2022-12-29 14:36:55.399000,,,1035398,,
2022-12-29 14:36:55.905000,,,1035399,,
2022-12-29 14:36:56.434000,,,1035699,,
2022-12-29 14:36:56.966000,116.98,117,1036788,,34616
2022-12-29 14:36:57.495000,116.99,,1036940,,34617
2022-12-29 14:36:58.001000,,,1036963,,
2022-12-29 14:36:58.532000,116.98,116.99,1037072,,34618
2022-12-29 14:36:59.038000,,117,1037573,,
2022-12-29 14:36:59.566000,,,1038583,,34619
2022-12-29 14:37:00.073000,,,1038584,,
2022-12-29 14:37:00.577000,116.95,116.98,1041252,,34620
2022-12-29 14:37:01.109000,,,1041753,,34621
2022-12-29 14:37:01.634000,116.98,117,1041936,,
2022-12-29 14:37:02.140000,116.95,116.98,1043907,,34622
2022-12-29 14:37:02.668000,,,1043931,,
2022-12-29 14:37:03.200000,116.94,,1043936,,34623
2022-12-29 14:37:03.702000,,,1044786,,
2022-12-29 14:37:04.209000,116.96,,1044893,,34624
2022-12-29 14:37:04.716000,116.95,,1045314,,
2022-12-29 14:37:05.235000,116.96,,1046364,,34625
2022-12-29 14:37:05.767000,116.94,116.97,1047267,,
2022-12-29 14:37:06.272000,116.93,,1047378,,34626
2022-12-29 14:37:06.781000,116.92,116.95,1047643,,
2022-12-29 14:37:07.288000,,116.93,1048935,,34627
2022-12-29 14:37:07.823000,116.96,117,1049686,,
2022-12-29 14:37:08.356000,116.97,,1051603,,34628
2022-12-29 14:37:08.885000,116.98,117.01,1052873,,
2022-12-29 14:37:09.398000,117.01,117.04,1053349,,34629
2022-12-29 14:37:09.922000,116.96,116.99,1053915,,
2022-12-29 14:37:10.426000,116.94,116.98,1053936,,34630
2022-12-29 14:37:10.958000,116.96,116.99,1054836,,
2022-12-29 14:37:11.487000,,116.98,1055138,,34631
2022-12-29 14:37:12.019000,116.97,116.99,1055238,,
2022-12-29 14:37:12.538000,,117,1055498,,34632
2022-12-29 14:37:13.044000,117.03,117.04,1055905,,
2022-12-29 14:37:13.561000,,,1056215,,34633
2022-12-29 14:37:14.066000,117.01,117.03,1058244,,
2022-12-29 14:37:14.572000,,,1058345,,
2022-12-29 14:37:15.077000,,,1058419,,34634
2022-12-29 14:37:15.584000,117.05,117.07,1062298,,34635
2022-12-29 14:37:16.113000,117.08,117.12,1063860,,34636
2022-12-29 14:37:16.620000,,117.11,1063960,,
2022-12-29 14:37:17.148000,,,1065159,,34637
2022-12-29 14:37:17.660000,117.09,117.12,1066562,,
2022-12-29 14:37:18.183000,,,1067196,,34638
2022-12-29 14:37:18.701000,,,1067199,,
2022-12-29 14:37:19.208000,,117.11,1067303,,
2022-12-29 14:37:19.720000,117.08,117.12,1071083,,34639
2022-12-29 14:37:20.227000,117.07,117.11,1076824,,34640
2022-12-29 14:37:20.754000,,117.1,1076834,,
2022-12-29 14:37:21.286000,117.08,117.12,1077249,,34641
2022-12-29 14:37:21.790000,,117.11,1077664,,
2022-12-29 14:37:22.322000,117.09,,1077815,,34642
2022-12-29 14:37:22.846000,117.07,117.1,1078831,,
2022-12-29 14:37:23.378000,117.1,117.11,1080182,,34643
2022-12-29 14:37:23.907000,117.09,,1081682,,
2022-12-29 14:37:24.439000,117.07,117.09,1082923,,34644
2022-12-29 14:37:24.944000,,117.1,1084261,,
2022-12-29 14:37:25.477000,117.06,117.09,1084691,,34645
2022-12-29 14:37:25.984000,117.05,117.07,1084973,,
2022-12-29 14:37:26.493000,,,1085099,,34646
2022-12-29 14:37:27.025000,117.07,117.1,1085486,,
2022-12-29 14:37:27.549000,117.09,,1085687,,34647
2022-12-29 14:37:28.055000,117.07,,1086616,,
2022-12-29 14:37:28.584000,117.1,117.12,1087232,,34648
2022-12-29 14:37:29.091000,,,1087977,,
2022-12-29 14:37:29.604000,117.08,117.09,1089193,,34649
2022-12-29 14:37:30.111000,117.05,117.07,1089577,,
2022-12-29 14:37:30.642000,,,1089777,,
2022-12-29 14:37:31.148000,,,1089782,,34651
2022-12-29 14:37:32.211000,,,1090057,,
2022-12-29 14:37:32.755000,,,1090110,,34652
2022-12-29 14:37:33.261000,,,1090162,,
2022-12-29 14:37:33.769000,,,1091927,,34653
2022-12-29 14:37:34.276000,,,1091982,,
2022-12-29 14:37:34.806000,117.06,117.09,1094054,,34654
2022-12-29 14:37:35.319000,,,1094055,,
2022-12-29 14:37:35.861000,117.08,117.12,1094215,,34655
2022-12-29 14:37:36.368000,,117.11,1095095,,34656
2022-12-29 14:37:36.878000,,,1095298,,
2022-12-29 14:37:37.384000,117.06,117.09,1095514,,34657
2022-12-29 14:37:37.892000,117.07,117.1,1095574,,
2022-12-29 14:37:38.398000,,,1095594,,34658
2022-12-29 14:37:38.923000,,,1095595,,
2022-12-29 14:37:39.428000,117.08,117.11,1097058,,34659
2022-12-29 14:37:39.960000,117.07,117.1,1097063,,
2022-12-29 14:37:40.525000,117.08,117.11,1097077,,34660
2022-12-29 14:37:41.032000,,,1097087,,
2022-12-29 14:37:41.594000,117.07,117.09,1099115,,34661
2022-12-29 14:37:42.127000,,117.1,1100255,,
2022-12-29 14:37:42.650000,,,1100263,,34662
2022-12-29 14:37:43.157000,117.06,,1100496,,34663
2022-12-29 14:37:43.686000,117.05,117.08,1100803,,
2022-12-29 14:37:44.193000,,117.07,1102058,,34664
2022-12-29 14:37:44.722000,,117.06,1103642,,
2022-12-29 14:37:45.255000,,,1104019,,
2022-12-29 14:37:45.783000,,,1104124,,
2022-12-29 14:37:46.290000,,,1105932,,34665
2022-12-29 14:37:46.819000,,117.07,1106222,,34666
2022-12-29 14:37:47.341000,117.06,117.08,1106804,,34667
2022-12-29 14:37:47.847000,117.09,117.11,1107350,,
2022-12-29 14:37:48.393000,,117.12,1107744,,34668
2022-12-29 14:37:48.925000,117.08,117.11,1108144,,
2022-12-29 14:37:49.471000,117.1,,1110854,,34669
2022-12-29 14:37:49.982000,117.05,117.06,1111701,,
2022-12-29 14:37:50.507000,117.07,117.08,1113441,,34670
2022-12-29 14:37:51.018000,117.1,117.12,1114435,,
2022-12-29 14:37:51.524000,,,1114436,,34671
2022-12-29 14:37:52.072000,117.08,117.1,1116636,,
2022-12-29 14:37:52.604000,,,1116837,,
2022-12-29 14:37:53.109000,,,1116854,,34672
2022-12-29 14:37:53.621000,,117.09,1117005,,
2022-12-29 14:37:54.146000,,117.1,1117011,,34674
2022-12-29 14:37:54.651000,,117.09,1118089,,
2022-12-29 14:37:55.209000,,117.1,1118092,,
2022-12-29 14:37:55.747000,117.09,,1118122,,34675
2022-12-29 14:37:56.270000,,,1118123,,34676
2022-12-29 14:37:56.802000,117.1,117.11,1118570,,
2022-12-29 14:37:57.305000,,,1118581,,
2022-12-29 14:37:57.811000,117.08,117.1,1119313,,34677
2022-12-29 14:37:58.328000,117.09,,1119369,,
2022-12-29 14:37:58.833000,,117.11,1119379,,34678
2022-12-29 14:37:59.374000,116.96,116.98,1125641,,34679
2022-12-29 14:37:59.926000,116.9,116.91,1134977,,
2022-12-29 14:38:00.459000,116.84,116.86,1138401,,34680
2022-12-29 14:38:00.963000,116.83,116.84,1139789,,
2022-12-29 14:38:01.495000,116.81,116.83,1145394,,34681
2022-12-29 14:38:02.025000,,,1147196,,
2022-12-29 14:38:02.538000,116.86,116.9,1150375,,34682
2022-12-29 14:38:03.060000,,,1150610,,
2022-12-29 14:38:03.572000,116.87,,1151916,,34683
2022-12-29 14:38:04.096000,116.95,116.97,1153390,,
2022-12-29 14:38:04.627000,116.92,116.93,1154851,,34684
2022-12-29 14:38:05.155000,,,1158227,,34685
2022-12-29 14:38:05.669000,116.91,116.92,1158627,,
2022-12-29 14:38:06.202000,,,1160574,,34686
2022-12-29 14:38:06.706000,,,1161175,,
2022-12-29 14:38:07.218000,,,1161289,,
2022-12-29 14:38:07.722000,,,1162289,,34687
2022-12-29 14:38:08.247000,116.92,116.93,1163703,,
2022-12-29 14:38:08.779000,,,1163713,,34688
2022-12-29 14:38:09.282000,116.94,116.96,1164949,,34689
2022-12-29 14:38:09.792000,116.97,117.01,1165757,,
2022-12-29 14:38:10.310000,,,1166261,,
2022-12-29 14:38:10.830000,116.96,117,1166475,,34690
2022-12-29 14:38:11.369000,116.95,116.98,1166628,,34691
2022-12-29 14:38:11.902000,,,1167028,,
2022-12-29 14:38:12.404000,,,,,34692
2022-12-29 14:38:12.935000,,116.97,1167188,,
2022-12-29 14:38:13.459000,116.91,116.92,1168316,,34693
2022-12-29 14:38:13.970000,,,1168531,,
2022-12-29 14:38:14.477000,,116.93,1170640,,34694
2022-12-29 14:38:15.009000,,116.94,1171163,,
2022-12-29 14:38:15.515000,,116.93,1171593,,34695
2022-12-29 14:38:16.020000,,116.94,1171598,,
2022-12-29 14:38:16.553000,,,,,34696
2022-12-29 14:38:17.065000,116.99,117.03,1172348,,
2022-12-29 14:38:17.589000,,,1175568,,34697
2022-12-29 14:38:18.096000,,117.02,1175577,,
2022-12-29 14:38:18.599000,,,1175877,,34698
2022-12-29 14:38:19.105000,116.97,117,1175986,,
2022-12-29 14:38:19.634000,116.98,,,,34699
2022-12-29 14:38:20.146000,116.97,,1180016,,
2022-12-29 14:38:20.670000,,116.99,1180039,,34700
2022-12-29 14:38:21.183000,,116.98,1181845,,
2022-12-29 14:38:21.707000,,116.99,1183164,,34701
2022-12-29 14:38:22.219000,116.98,117,1183774,,34702
2022-12-29 14:38:22.742000,117,117.03,1183975,,
2022-12-29 14:38:23.275000,116.97,117.01,1184029,,34703
2022-12-29 14:38:23.778000,,116.99,1184436,,
2022-12-29 14:38:24.284000,,116.98,1185174,,34704
2022-12-29 14:38:24.817000,,116.99,1185457,,
2022-12-29 14:38:25.348000,,116.98,1185586,,34705
2022-12-29 14:38:25.858000,,,1185899,,
2022-12-29 14:38:26.391000,116.94,,1188304,,34706
2022-12-29 14:38:26.916000,,,1188318,,
2022-12-29 14:38:27.423000,,116.96,1188541,,34707
2022-12-29 14:38:27.930000,116.9,116.93,1189414,,
2022-12-29 14:38:28.462000,,116.92,1189514,,34708
2022-12-29 14:38:28.966000,,,1190314,,
2022-12-29 14:38:29.471000,116.92,116.94,1190522,,34709
2022-12-29 14:38:30.001000,,116.95,1190844,,
2022-12-29 14:38:30.533000,116.9,116.92,1191737,,34710
2022-12-29 14:38:31.058000,,116.93,1192748,,
2022-12-29 14:38:31.565000,,,1192769,,34711
2022-12-29 14:38:32.074000,,116.92,,,
2022-12-29 14:38:32.581000,,116.93,1192805,,34712
2022-12-29 14:38:33.091000,116.91,116.95,1192835,,
2022-12-29 14:38:33.623000,116.9,116.93,1192836,,34713
2022-12-29 14:38:34.126000,,,1192845,,
2022-12-29 14:38:34.632000,,,1192876,,34714
2022-12-29 14:38:35.136000,116.92,116.95,1195184,,34715
2022-12-29 14:38:35.641000,116.9,116.93,1195286,,
2022-12-29 14:38:36.172000,,116.92,1196706,,34716
2022-12-29 14:38:36.677000,,,1197179,,
2022-12-29 14:38:37.189000,116.83,116.86,1197925,,34717
2022-12-29 14:38:37.706000,,,1197926,,
2022-12-29 14:38:38.212000,116.82,116.84,1198187,,
2022-12-29 14:38:38.741000,,,1198989,,34718
2022-12-29 14:38:39.273000,116.76,116.79,1200587,,34719
2022-12-29 14:38:39.803000,116.69,116.71,1202580,,
2022-12-29 14:38:40.336000,,116.72,1202587,,34720
2022-12-29 14:38:40.865000,116.73,116.75,1205314,,
2022-12-29 14:38:41.372000,116.75,116.78,1207803,,34721
2022-12-29 14:38:41.881000,,116.77,1209584,,
2022-12-29 14:38:42.392000,116.76,116.79,1210090,,34722
2022-12-29 14:38:42.911000,116.78,,1214983,,
2022-12-29 14:38:43.417000,116.81,116.84,1216256,,34723
2022-12-29 14:38:43.946000,116.85,116.88,1217257,,
2022-12-29 14:38:44.458000,,116.87,1217358,,34724
2022-12-29 14:38:44.981000,116.86,116.88,1217488,,
2022-12-29 14:38:45.518000,,,1219308,,34725
2022-12-29 14:38:46.043000,,,1219501,,
2022-12-29 14:38:46.550000,116.88,116.89,1219696,,34726
2022-12-29 14:38:47.085000,116.91,116.94,1219982,,
2022-12-29 14:38:47.629000,,116.93,1220112,,34727
2022-12-29 14:38:48.161000,,116.92,1220630,,34728
2022-12-29 14:38:48.670000,116.94,116.96,1222123,,
2022-12-29 14:38:49.177000,,116.95,1223509,,
2022-12-29 14:38:49.706000,116.93,116.96,1228512,,34729
2022-12-29 14:38:50.212000,,,1228576,,34730
2022-12-29 14:38:50.767000,116.85,116.89,1232488,,
2022-12-29 14:38:51.279000,116.86,,1232611,,34731
2022-12-29 14:38:51.824000,116.85,,1232738,,
2022-12-29 14:38:52.336000,116.84,,1233249,,34732
2022-12-29 14:38:52.879000,,116.87,,,
2022-12-29 14:38:53.412000,116.85,,1233464,,34733
2022-12-29 14:38:53.939000,116.84,,1233525,,
2022-12-29 14:38:54.457000,116.85,,1233538,,34734
2022-12-29 14:38:54.996000,116.84,116.85,1235795,,
2022-12-29 14:38:55.527000,,116.86,1235812,,34735
2022-12-29 14:38:56.037000,,,1235813,,
2022-12-29 14:38:56.569000,,,1235814,,34736
2022-12-29 14:38:57.113000,116.86,116.87,1237872,,
2022-12-29 14:38:57.645000,116.83,116.85,1242200,,34737
2022-12-29 14:38:58.175000,116.84,116.86,1242711,,34738
2022-12-29 14:38:59.231000,116.83,116.85,1243861,,34739
2022-12-29 14:38:59.743000,116.8,116.82,1244233,,
2022-12-29 14:39:00.779000,116.76,116.79,1244543,,34740
2022-12-29 14:39:01.301000,116.75,116.78,,,34741
2022-12-29 14:39:01.833000,116.76,,1245664,,
2022-12-29 14:39:02.372000,,116.79,1247372,,34742
2022-12-29 14:39:02.892000,,116.8,1247373,,
2022-12-29 14:39:03.415000,,116.79,1248173,,34743
2022-12-29 14:39:03.921000,,,1248269,,
2022-12-29 14:39:04.422000,,,1249070,,34744
2022-12-29 14:39:04.937000,,116.78,,,
2022-12-29 14:39:05.481000,116.69,116.72,1250643,,34745
2022-12-29 14:39:06.012000,116.7,,1250743,,
2022-12-29 14:39:06.523000,,,1250844,,34746
2022-12-29 14:39:07.036000,116.73,116.76,1253749,,
2022-12-29 14:39:07.539000,,,1253806,,34747
2022-12-29 14:39:08.045000,,116.75,,,
2022-12-29 14:39:08.556000,116.71,116.73,1253859,,34748
2022-12-29 14:39:09.081000,116.7,,1254159,,
2022-12-29 14:39:09.588000,,116.72,1254432,,34749
2022-12-29 14:39:10.120000,,,1254433,,
2022-12-29 14:39:10.626000,116.75,116.77,1259232,,34750
2022-12-29 14:39:11.131000,,,1260368,,
2022-12-29 14:39:11.661000,116.76,116.78,1261076,,34751
2022-12-29 14:39:12.720000,116.78,116.8,1261316,,34752
2022-12-29 14:39:13.252000,116.77,116.79,1261359,,
2022-12-29 14:39:14.314000,,,1261365,,
2022-12-29 14:39:14.854000,,,1261366,,
2022-12-29 14:39:15.372000,,,1261447,,
2022-12-29 14:39:15.910000,,,1261757,,34755
2022-12-29 14:39:16.416000,,,1261923,,
2022-12-29 14:39:16.919000,,,1262173,,34756
2022-12-29 14:39:17.431000,,,1262175,,34757
2022-12-29 14:39:17.961000,116.8,116.82,1264605,,
2022-12-29 14:39:18.467000,116.82,116.86,1265660,,34758
2022-12-29 14:39:18.991000,,,1266460,,
2022-12-29 14:39:19.529000,,116.84,,,34759
2022-12-29 14:39:20.074000,,,1266461,,
2022-12-29 14:39:20.581000,,,1266463,,34760
2022-12-29 14:39:21.090000,116.85,116.87,1269250,,
2022-12-29 14:39:21.628000,116.83,116.85,1270871,,34761
2022-12-29 14:39:22.146000,116.82,116.86,1271192,,
2022-12-29 14:39:22.652000,116.84,,1271693,,34762
2022-12-29 14:39:23.166000,116.83,116.87,1273194,,34763
2022-12-29 14:39:23.672000,116.82,116.86,1273495,,
2022-12-29 14:39:24.202000,116.83,116.87,1273873,,34764
2022-12-29 14:39:24.727000,116.82,116.85,1276582,,
2022-12-29 14:39:25.260000,116.83,116.86,,,34765
2022-12-29 14:39:25.765000,116.86,116.91,1276687,,
2022-12-29 14:39:26.277000,116.92,116.95,1277107,,34766
2022-12-29 14:39:26.781000,116.87,116.92,1277947,,
2022-12-29 14:39:27.287000,116.89,,1277967,,
2022-12-29 14:39:27.791000,,,,,34767
2022-12-29 14:39:28.362000,,116.93,1278067,,34768
2022-12-29 14:39:28.871000,116.95,116.97,1279133,,
2022-12-29 14:39:29.402000,116.89,116.94,1279333,,34769
2022-12-29 14:39:29.940000,,116.92,1279378,,
2022-12-29 14:39:30.480000,116.87,116.89,1279501,,34770
2022-12-29 14:39:31.012000,116.9,116.92,1279686,,
2022-12-29 14:39:31.542000,,,1280467,,34771
2022-12-29 14:39:32.081000,116.92,116.94,1281734,,
2022-12-29 14:39:32.595000,116.96,116.99,1282035,,34772
2022-12-29 14:39:33.127000,,,1282046,,
2022-12-29 14:39:33.672000,116.9,116.93,1284981,,34773
2022-12-29 14:39:34.210000,116.94,116.98,1285956,,34774
2022-12-29 14:39:34.729000,116.99,117.01,1287847,,
2022-12-29 14:39:35.298000,117,,1287897,,34775
2022-12-29 14:39:35.811000,,117.02,1288162,,
2022-12-29 14:39:36.334000,,,1288403,,34776
2022-12-29 14:39:36.868000,116.97,117,1290048,,
2022-12-29 14:39:37.395000,,,1290052,,
2022-12-29 14:39:37.901000,,,1290686,,34777
2022-12-29 14:39:38.431000,,,1292117,,34778
2022-12-29 14:39:38.938000,,116.99,1292120,,
2022-12-29 14:39:39.443000,,117,1292285,,34779
2022-12-29 14:39:39.948000,,,1292335,,
2022-12-29 14:39:40.481000,,,1292884,,34780
2022-12-29 14:39:41.533000,116.99,,1295042,,34781
2022-12-29 14:39:42.061000,,,1295262,,
2022-12-29 14:39:42.567000,,117.02,1298830,,34782
2022-12-29 14:39:43.078000,117,,1298840,,
2022-12-29 14:39:43.583000,,117.03,1299085,,34783
2022-12-29 14:39:44.127000,,,1299127,,
2022-12-29 14:39:44.666000,,,1299652,,34784
2022-12-29 14:39:45.173000,,117.02,1299749,,
2022-12-29 14:39:45.682000,116.99,,1299953,,34785
2022-12-29 14:39:46.189000,117,,1300513,,
2022-12-29 14:39:46.702000,,,,,34786
2022-12-29 14:39:47.233000,,,1300613,,
2022-12-29 14:39:47.736000,,117.04,1301219,,34787
2022-12-29 14:39:48.268000,,117.01,1301357,,34788
2022-12-29 14:39:48.784000,116.99,117,1307531,,
2022-12-29 14:39:49.290000,117.06,117.1,1317889,,34789
2022-12-29 14:39:49.794000,117.1,117.11,1318817,,
2022-12-29 14:39:50.300000,117.09,,1320819,,34790
2022-12-29 14:39:50.819000,117.07,117.1,1321002,,
2022-12-29 14:39:51.325000,117.12,117.14,1321874,,34791
2022-12-29 14:39:51.885000,117.11,117.13,1322197,,
2022-12-29 14:39:52.400000,,,1324247,,
2022-12-29 14:39:52.907000,,,1324347,,34792
2022-12-29 14:39:53.436000,,,1324348,,
2022-12-29 14:39:53.959000,,117.14,1325098,,34793
2022-12-29 14:39:54.491000,,,1325142,,
2022-12-29 14:39:55.024000,117.09,117.12,1325436,,34794
2022-12-29 14:39:55.543000,117.1,,1325674,,34795
2022-12-29 14:39:56.080000,117.11,117.14,1327775,,
2022-12-29 14:39:56.613000,,,1328164,,34796
2022-12-29 14:39:57.115000,117.13,,1329822,,
2022-12-29 14:39:57.621000,117.09,117.11,1330039,,34797
2022-12-29 14:39:58.158000,117.14,117.16,1338328,,
2022-12-29 14:39:58.670000,117.13,,1339138,,34798
2022-12-29 14:39:59.189000,,117.17,1340018,,34799
2022-12-29 14:39:59.707000,,,1344126,,
2022-12-29 14:40:00.252000,117.15,117.18,1344811,,34800
2022-12-29 14:40:01.294000,117.16,117.19,1344961,,
2022-12-29 14:40:01.825000,117.15,117.18,1346212,,34801
2022-12-29 14:40:02.357000,,,1346219,,34802
2022-12-29 14:40:02.887000,,,1346978,,
2022-12-29 14:40:03.393000,,,1346985,,34803
2022-12-29 14:40:03.907000,117.16,,1347096,,
2022-12-29 14:40:04.431000,117.14,117.17,1347201,,34804
2022-12-29 14:40:04.968000,117.15,,1347239,,
2022-12-29 14:40:05.478000,,,,,34805
2022-12-29 14:40:05.990000,117.13,117.15,1352816,,
2022-12-29 14:40:06.517000,117.16,117.18,1355495,,34806
2022-12-29 14:40:07.026000,,,1356702,,
2022-12-29 14:40:07.530000,117.18,117.19,1357974,,34807
2022-12-29 14:40:08.063000,117.2,117.21,1364000,,
2022-12-29 14:40:08.570000,117.21,117.23,1364102,,34808
2022-12-29 14:40:09.088000,117.25,117.27,1367776,,
2022-12-29 14:40:09.611000,,,1368801,,34809
2022-12-29 14:40:10.118000,117.24,117.25,1370026,,
2022-12-29 14:40:10.650000,,117.26,1370779,,34810
2022-12-29 14:40:11.156000,117.25,,1370946,,
2022-12-29 14:40:11.678000,,117.28,1372208,,34811
2022-12-29 14:40:12.216000,117.24,117.26,1373726,,34812
2022-12-29 14:40:12.721000,117.26,117.28,1374976,,
2022-12-29 14:40:13.249000,,117.27,1378112,,34813
2022-12-29 14:40:13.782000,117.25,117.28,1378495,,
2022-12-29 14:40:14.311000,117.26,,1378595,,34814
2022-12-29 14:40:14.817000,117.28,117.29,1378780,,
2022-12-29 14:40:15.347000,117.27,117.28,1379218,,
2022-12-29 14:40:15.855000,,,1379219,,
2022-12-29 14:40:16.383000,,,1379419,,34815
2022-12-29 14:40:16.921000,117.23,117.26,1381754,,34816
2022-12-29 14:40:17.455000,117.25,117.28,1381904,,
2022-12-29 14:40:17.961000,117.24,,1382402,,34817
2022-12-29 14:40:18.492000,117.27,117.29,1383861,,34818
2022-12-29 14:40:19.003000,,117.3,1383917,,
2022-12-29 14:40:19.506000,117.25,117.27,1386541,,34819
2022-12-29 14:40:20.012000,,117.28,1387901,,
2022-12-29 14:40:20.535000,117.23,117.26,1388552,,34820
2022-12-29 14:40:21.068000,,117.24,1390132,,
2022-12-29 14:40:21.592000,117.25,117.27,1391302,,34821
2022-12-29 14:40:22.100000,117.24,,1391308,,
2022-12-29 14:40:22.627000,,,1391323,,34822
2022-12-29 14:40:23.154000,,,1391337,,
2022-12-29 14:40:23.661000,,117.28,1392056,,34823
2022-12-29 14:40:24.190000,,117.26,1392086,,
2022-12-29 14:40:24.717000,117.22,117.24,1392809,,34824
2022-12-29 14:40:25.249000,,,1392828,,
2022-12-29 14:40:25.773000,117.23,117.25,1398123,,34825
2022-12-29 14:40:26.280000,117.26,117.29,1398599,,34826
2022-12-29 14:40:26.809000,,,1398605,,
2022-12-29 14:40:27.315000,117.27,,1398915,,34827
2022-12-29 14:40:27.822000,,,1398921,,
2022-12-29 14:40:28.847000,117.25,117.28,1399842,,34828
2022-12-29 14:40:29.386000,,,1399851,,
2022-12-29 14:40:29.900000,,117.27,1399862,,34829
2022-12-29 14:40:30.918000,,,1399964,,
2022-12-29 14:40:31.428000,117.24,117.26,1402504,,34831
2022-12-29 14:40:31.972000,,117.27,1403397,,
2022-12-29 14:40:32.489000,,,1403599,,
2022-12-29 14:40:33.022000,117.3,117.31,1405809,,34832
2022-12-29 14:40:33.538000,117.31,117.33,1406119,,34833
2022-12-29 14:40:34.051000,,,1406229,,
2022-12-29 14:40:34.574000,,,1407135,,34834
2022-12-29 14:40:35.112000,,,1407650,,
2022-12-29 14:40:35.636000,,,1407660,,
2022-12-29 14:40:36.666000,117.33,117.35,1409086,,34836
2022-12-29 14:40:37.173000,117.34,117.36,1411134,,
2022-12-29 14:40:37.695000,117.35,117.37,1411732,,34837
2022-12-29 14:40:38.214000,117.34,117.36,1412512,,34838
2022-12-29 14:40:39.247000,,,,,34839
2022-12-29 14:40:39.770000,117.35,117.37,1413588,,
2022-12-29 14:40:40.277000,117.33,117.35,1414462,,34840
2022-12-29 14:40:40.808000,,117.37,1414558,,
2022-12-29 14:40:41.341000,,117.36,1414581,,34841
2022-12-29 14:40:41.845000,117.32,117.34,1416384,,
2022-12-29 14:40:42.351000,,117.35,1416385,,34842
2022-12-29 14:40:42.879000,117.33,117.36,1416386,,
2022-12-29 14:40:43.422000,,,1416388,,34843
2022-12-29 14:40:43.929000,117.32,,1417009,,
2022-12-29 14:40:44.459000,117.33,,1417164,,34844
2022-12-29 14:40:44.990000,117.4,117.42,1421299,,
2022-12-29 14:40:45.531000,117.41,,1421330,,34845
2022-12-29 14:40:46.063000,,,1421430,,
2022-12-29 14:40:46.568000,,,1421432,,
2022-12-29 14:40:47.101000,,,1421736,,34846
2022-12-29 14:40:47.603000,117.39,117.41,1423094,,34847
2022-12-29 14:40:48.135000,117.36,117.38,1427990,,
2022-12-29 14:40:48.689000,117.38,117.4,1429702,,34848
2022-12-29 14:40:49.725000,117.4,117.42,1431411,,34849
2022-12-29 14:40:50.237000,117.37,117.4,1432361,,34850
2022-12-29 14:40:50.761000,117.35,117.37,1432885,,
2022-12-29 14:40:51.288000,117.36,,1432985,,34851
2022-12-29 14:40:51.821000,117.35,,1432995,,
2022-12-29 14:40:52.344000,,,1432996,,
2022-12-29 14:40:52.856000,117.32,117.35,1437123,,34852
2022-12-29 14:40:53.379000,117.38,117.4,1437524,,
2022-12-29 14:40:53.886000,117.39,117.41,1438181,,34853
2022-12-29 14:40:54.395000,,,1443464,,34854
2022-12-29 14:40:54.927000,117.38,117.4,1444770,,
2022-12-29 14:40:55.490000,,,,,34855
2022-12-29 14:40:56.029000,,,1444895,,
2022-12-29 14:40:56.553000,117.4,117.41,1445915,,34856
2022-12-29 14:40:57.087000,117.41,117.43,1447716,,
2022-12-29 14:40:57.626000,117.42,117.44,1447925,,34857
2022-12-29 14:40:58.160000,,,1447975,,
2022-12-29 14:40:58.667000,117.43,117.45,1449689,,34858
2022-12-29 14:40:59.195000,,,,,34859
2022-12-29 14:40:59.701000,117.45,117.46,1450306,,
2022-12-29 14:41:00.205000,,,1450452,,
2022-12-29 14:41:00.723000,117.42,117.44,1453064,,34860
2022-12-29 14:41:01.241000,,,1454135,,34861
2022-12-29 14:41:01.774000,,,1454347,,
2022-12-29 14:41:02.277000,,,1455502,,34862
2022-12-29 14:41:02.821000,117.4,117.41,1459832,,
2022-12-29 14:41:03.329000,117.36,117.38,1461651,,34863
2022-12-29 14:41:03.882000,,117.4,1468605,,
2022-12-29 14:41:04.406000,117.4,117.42,1468832,,34864
2022-12-29 14:41:04.940000,,117.41,1470404,,
2022-12-29 14:41:05.453000,117.36,117.38,1477597,,34865
2022-12-29 14:41:05.977000,,,1477748,,
2022-12-29 14:41:06.485000,,117.37,1478059,,34866
2022-12-29 14:41:07.013000,,117.38,1478159,,
2022-12-29 14:41:07.546000,,,1479199,,34867
2022-12-29 14:41:08.048000,117.33,117.36,1480163,,
2022-12-29 14:41:08.597000,,,1480925,,34868
2022-12-29 14:41:09.102000,117.34,,1481076,,
2022-12-29 14:41:09.638000,117.36,117.38,1481651,,34869
2022-12-29 14:41:10.166000,117.38,117.4,1481902,,
2022-12-29 14:41:10.700000,,117.42,1483922,,34870
2022-12-29 14:41:11.222000,,,1484023,,34871
2022-12-29 14:41:11.729000,117.39,117.41,1485257,,
2022-12-29 14:41:12.241000,,,1485446,,34872
2022-12-29 14:41:12.774000,117.41,117.44,1486279,,
2022-12-29 14:41:13.300000,,117.43,1486470,,34873
2022-12-29 14:41:13.839000,,117.42,1486764,,
2022-12-29 14:41:14.357000,117.39,117.41,1487568,,34874
2022-12-29 14:41:14.864000,117.4,117.43,1490468,,
2022-12-29 14:41:15.392000,117.41,,1490493,,
2022-12-29 14:41:16.937000,,,1492254,,34876
2022-12-29 14:41:17.470000,,,1492759,,
2022-12-29 14:41:17.977000,117.43,117.46,1493043,,34877
2022-12-29 14:41:18.507000,117.45,,1493215,,34878
2022-12-29 14:41:19.039000,,117.47,1495011,,
2022-12-29 14:41:19.570000,,,1496287,,34879
2022-12-29 14:41:20.585000,117.42,117.45,1497198,,34880
2022-12-29 14:41:21.118000,117.43,,1497726,,
2022-12-29 14:41:21.643000,117.45,117.47,1499810,,34881
2022-12-29 14:41:22.150000,117.42,117.44,1500553,,
2022-12-29 14:41:22.658000,117.43,117.45,1500613,,34882
2022-12-29 14:41:23.164000,117.42,,1500713,,
2022-12-29 14:41:23.668000,,,1500867,,34883
2022-12-29 14:41:24.175000,,117.46,1500955,,
2022-12-29 14:41:24.678000,,,1500978,,34884
2022-12-29 14:41:25.184000,,117.45,1501257,,
2022-12-29 14:41:25.712000,,,1501266,,34885
2022-12-29 14:41:26.245000,,117.43,1502290,,34886
2022-12-29 14:41:26.773000,117.45,117.47,1508172,,
2022-12-29 14:41:27.280000,,,1508373,,
2022-12-29 14:41:27.809000,117.47,117.48,1509988,,34887
2022-12-29 14:41:28.316000,,,1510889,,
2022-12-29 14:41:28.844000,,,1511089,,
2022-12-29 14:41:29.351000,,,1511325,,34889
2022-12-29 14:41:29.872000,,,1512335,,
2022-12-29 14:41:30.379000,117.46,117.47,1513169,,34890
2022-12-29 14:41:30.911000,117.45,117.46,1513781,,
2022-12-29 14:41:31.419000,117.46,117.48,1514182,,34891
2022-12-29 14:41:31.925000,,,1514983,,
2022-12-29 14:41:32.457000,,,1515193,,34892
2022-12-29 14:41:32.968000,,,1515194,,
2022-12-29 14:41:33.504000,,,1518467,,34893
2022-12-29 14:41:34.027000,,,1518475,,
2022-12-29 14:41:34.533000,,117.47,1519780,,34894
2022-12-29 14:41:35.063000,,,1522028,,
2022-12-29 14:41:35.596000,117.48,117.49,1522898,,34895
2022-12-29 14:41:36.120000,,,1522899,,
2022-12-29 14:41:36.650000,117.46,117.47,1526041,,34896
2022-12-29 14:41:37.182000,,117.48,1526043,,
2022-12-29 14:41:37.704000,117.47,,1526574,,34897
2022-12-29 14:41:38.211000,117.46,,1527011,,
2022-12-29 14:41:38.723000,,,1527021,,34898
2022-12-29 14:41:39.230000,,,1528058,,34899
2022-12-29 14:41:39.745000,,,1529385,,
2022-12-29 14:41:40.252000,,,1529387,,
2022-12-29 14:41:40.768000,117.57,117.58,1543616,,34900
2022-12-29 14:41:41.301000,,,1544843,,
2022-12-29 14:41:41.808000,,,1544848,,34901
2022-12-29 14:41:42.315000,117.54,117.57,1548109,,34902
2022-12-29 14:41:42.837000,117.49,117.52,1551610,,
2022-12-29 14:41:43.344000,117.46,117.48,1552173,,34903
2022-12-29 14:41:43.854000,117.5,117.52,1552198,,
2022-12-29 14:41:44.387000,117.49,,1553448,,34904
2022-12-29 14:41:45.417000,117.51,117.55,1557034,,34905
2022-12-29 14:41:45.936000,117.48,117.54,1557144,,
2022-12-29 14:41:46.458000,,,1557634,,
2022-12-29 14:41:46.970000,117.51,,1559634,,34906
2022-12-29 14:41:47.494000,117.49,117.51,1560097,,34907
2022-12-29 14:41:48.063000,,,1560178,,
2022-12-29 14:41:48.596000,117.46,117.48,1560656,,34908
2022-12-29 14:41:49.126000,117.47,,1562576,,
2022-12-29 14:41:49.633000,,117.49,1562745,,34909
2022-12-29 14:41:50.166000,,,1562846,,
2022-12-29 14:41:50.678000,117.48,117.52,1564467,,34910
2022-12-29 14:41:51.201000,117.5,117.53,1566767,,34911
2022-12-29 14:41:51.740000,,,1566768,,
2022-12-29 14:41:52.796000,,,1566818,,
2022-12-29 14:41:53.319000,,117.52,1567243,,34913
2022-12-29 14:41:53.826000,,,1567290,,
2022-12-29 14:41:54.836000,,,1567311,,
2022-12-29 14:41:55.341000,,,1567411,,
2022-12-29 14:41:55.849000,117.46,117.48,1568468,,34915
2022-12-29 14:41:56.403000,,,1569573,,
2022-12-29 14:41:56.936000,,,1569677,,34916
2022-12-29 14:41:57.490000,117.49,117.51,1571086,,34917
2022-12-29 14:41:58.526000,,,1571306,,34918
2022-12-29 14:41:59.040000,117.5,117.52,1571778,,
2022-12-29 14:41:59.583000,,117.53,1571887,,34919
2022-12-29 14:42:00.116000,,,1577419,,
2022-12-29 14:42:00.654000,117.49,117.52,1577464,,34920
2022-12-29 14:42:01.161000,117.5,117.51,1577465,,
2022-12-29 14:42:01.689000,,117.53,1578357,,34921
2022-12-29 14:42:02.195000,,,1578458,,34922
2022-12-29 14:42:02.706000,,,1578464,,
2022-12-29 14:42:03.239000,117.49,117.5,1579249,,34923
2022-12-29 14:42:03.740000,117.5,117.52,1579591,,
2022-12-29 14:42:04.252000,117.47,117.5,1580011,,34924
2022-12-29 14:42:04.777000,117.46,117.47,1582133,,
2022-12-29 14:42:05.315000,117.45,,1583270,,34925
2022-12-29 14:42:05.858000,,,1584045,,
2022-12-29 14:42:06.403000,,,1585046,,
2022-12-29 14:42:06.912000,,,1585052,,34926
2022-12-29 14:42:07.439000,,,1585152,,
2022-12-29 14:42:07.972000,117.48,117.5,1587198,,34927
2022-12-29 14:42:08.475000,,,1587298,,34928
2022-12-29 14:42:08.981000,,,1587299,,
2022-12-29 14:42:09.536000,,,1587399,,
2022-12-29 14:42:10.045000,117.5,117.51,1588340,,34929
2022-12-29 14:42:10.553000,117.45,117.48,1590644,,34930
2022-12-29 14:42:11.087000,,117.47,1590657,,
2022-12-29 14:42:11.594000,,,1590788,,34931
2022-12-29 14:42:12.123000,117.47,117.5,1591086,,
2022-12-29 14:42:12.630000,117.48,,1591188,,34932
2022-12-29 14:42:13.159000,,117.49,1592568,,
2022-12-29 14:42:14.212000,117.45,117.47,1592901,,34934
2022-12-29 14:42:14.744000,117.46,,1593102,,
2022-12-29 14:42:15.273000,,117.48,1593439,,34935
2022-12-29 14:42:15.786000,,,1593627,,
2022-12-29 14:42:16.330000,,,1593736,,
2022-12-29 14:42:16.862000,,,1593767,,
2022-12-29 14:42:17.392000,,,1593771,,34937
2022-12-29 14:42:17.929000,117.45,117.47,1594177,,
2022-12-29 14:42:18.461000,117.47,117.49,1594459,,34938
2022-12-29 14:42:18.970000,117.48,,1594464,,
2022-12-29 14:42:19.501000,117.47,,1594767,,34939
2022-12-29 14:42:20.004000,,117.5,1595603,,
2022-12-29 14:42:20.510000,,117.49,1595608,,34940
2022-12-29 14:42:21.040000,117.45,117.47,1598295,,
2022-12-29 14:42:21.547000,,117.46,1599830,,34941
2022-12-29 14:42:22.081000,,117.47,1601918,,
2022-12-29 14:42:22.617000,,117.46,1602294,,34942
2022-12-29 14:42:23.652000,117.44,,1602753,,34943
2022-12-29 14:42:24.163000,,,1603180,,
2022-12-29 14:42:24.709000,117.45,,1606432,,34944
2022-12-29 14:42:25.228000,,117.47,1606533,,34945
2022-12-29 14:42:25.735000,117.47,117.49,1608882,,
2022-12-29 14:42:26.268000,,,1609287,,34946
2022-12-29 14:42:26.817000,,,1611222,,
2022-12-29 14:42:27.349000,,117.5,1611422,,34947
2022-12-29 14:42:27.878000,,117.49,,,
2022-12-29 14:42:28.385000,117.44,117.45,1612716,,34948
2022-12-29 14:42:28.887000,117.45,117.47,1614289,,
2022-12-29 14:42:29.400000,117.46,117.49,1614577,,34949
2022-12-29 14:42:29.923000,117.48,117.5,1615985,,
2022-12-29 14:42:30.445000,,,1616024,,
2022-12-29 14:42:30.978000,,,1616224,,34950
2022-12-29 14:42:31.506000,117.46,117.49,1617318,,34951
2022-12-29 14:42:32.012000,117.48,117.5,1617687,,
2022-12-29 14:42:32.541000,117.49,,1618059,,34952
2022-12-29 14:42:33.044000,117.53,117.56,1619765,,
2022-12-29 14:42:33.577000,,,1620787,,34953
2022-12-29 14:42:34.079000,,117.55,1622037,,
2022-12-29 14:42:34.590000,117.5,117.52,1624437,,34954
2022-12-29 14:42:35.115000,,,1625187,,
2022-12-29 14:42:35.620000,,,1625577,,34955
2022-12-29 14:42:36.143000,,,1626821,,
2022-12-29 14:42:36.685000,,,1627122,,34956
2022-12-29 14:42:37.226000,,,1628364,,
2022-12-29 14:42:37.774000,117.44,117.46,1630547,,34957
2022-12-29 14:42:38.297000,117.46,117.48,1632002,,34958
2022-12-29 14:42:38.828000,117.47,,1632611,,
2022-12-29 14:42:39.334000,117.48,117.5,1632869,,
2022-12-29 14:42:39.845000,,,1633169,,34959
2022-12-29 14:42:40.383000,117.49,,1635679,,34960
2022-12-29 14:42:40.890000,117.51,117.54,1637055,,
2022-12-29 14:42:41.399000,,,1637907,,34961
2022-12-29 14:42:41.932000,,117.55,1637928,,
2022-12-29 14:42:42.455000,117.52,117.54,,,34962
2022-12-29 14:42:42.988000,117.51,117.53,1638093,,
2022-12-29 14:42:43.516000,,,1638218,,34963
2022-12-29 14:42:44.023000,117.53,117.55,1638604,,
2022-12-29 14:42:44.526000,,,1638656,,34964
2022-12-29 14:42:45.032000,,,1638757,,
2022-12-29 14:42:45.563000,,,1639612,,34965
2022-12-29 14:42:46.080000,117.51,117.53,1640112,,
2022-12-29 14:42:46.598000,,,1640366,,34966
2022-12-29 14:42:47.135000,,,1640481,,
2022-12-29 14:42:47.642000,,,1640981,,34967
2022-12-29 14:42:48.144000,117.56,117.57,1641783,,
2022-12-29 14:42:48.676000,117.55,117.58,1642434,,34968
2022-12-29 14:42:49.180000,117.57,117.59,1644691,,
2022-12-29 14:42:49.713000,117.56,,1645209,,34969
2022-12-29 14:42:50.242000,117.57,,1645342,,
2022-12-29 14:42:50.775000,,,1645567,,34970
2022-12-29 14:42:51.279000,117.58,,1646158,,34971
2022-12-29 14:42:51.786000,117.63,117.65,1653485,,
2022-12-29 14:42:52.293000,117.66,117.68,1654513,,34972
2022-12-29 14:42:52.827000,,,1655503,,
2022-12-29 14:42:53.349000,117.64,117.66,1656969,,34973
2022-12-29 14:42:53.868000,,,1657480,,
2022-12-29 14:42:54.406000,,,1658300,,
2022-12-29 14:42:54.913000,,,1658400,,34974
2022-12-29 14:42:55.481000,,,1659161,,34975
2022-12-29 14:42:55.985000,,,1659261,,
2022-12-29 14:42:56.498000,,,1659285,,
2022-12-29 14:42:57.046000,,,1659585,,34976
2022-12-29 14:42:57.559000,117.66,117.67,1661500,,34977
2022-12-29 14:42:58.103000,,117.68,1661796,,
2022-12-29 14:42:58.635000,,,1661807,,
2022-12-29 14:42:59.656000,,,1661927,,
2022-12-29 14:43:00.184000,,,1661953,,
2022-12-29 14:43:00.690000,,,1662072,,
2022-12-29 14:43:01.226000,,,1662573,,
2022-12-29 14:43:01.733000,,,1662784,,34981
2022-12-29 14:43:02.257000,,,1662884,,
2022-12-29 14:43:02.766000,117.67,117.69,1664166,,34982
2022-12-29 14:43:03.295000,117.69,117.72,1676461,,34983
2022-12-29 14:43:03.828000,117.7,,1676819,,
2022-12-29 14:43:04.338000,117.72,117.73,1677020,,34984
2022-12-29 14:43:04.862000,117.71,,1681008,,
2022-12-29 14:43:05.394000,117.7,,1681153,,34985
2022-12-29 14:43:05.926000,,117.72,1681261,,
2022-12-29 14:43:06.431000,117.72,117.74,1681775,,34986
2022-12-29 14:43:06.944000,,,1681780,,
2022-12-29 14:43:07.489000,,,1683269,,34987
2022-12-29 14:43:07.996000,,,1683711,,
2022-12-29 14:43:08.504000,,,1684114,,34988
2022-12-29 14:43:09.011000,117.74,117.75,1685437,,
2022-12-29 14:43:09.522000,,,1685568,,34989
2022-12-29 14:43:10.048000,117.75,117.76,1690565,,
2022-12-29 14:43:10.580000,117.77,117.79,1696388,,34990
2022-12-29 14:43:11.109000,117.76,,1697844,,
2022-12-29 14:43:11.642000,117.78,117.8,1699564,,34991
2022-12-29 14:43:12.145000,117.8,117.82,1700743,,
2022-12-29 14:43:12.682000,117.81,117.83,1700978,,34992
2022-12-29 14:43:13.219000,,,1703334,,34993
2022-12-29 14:43:13.764000,,,1703472,,
2022-12-29 14:43:14.268000,,,,,34994
2022-12-29 14:43:15.305000,117.82,117.84,1704998,,34995
2022-12-29 14:43:15.812000,,,1707542,,
2022-12-29 14:43:16.341000,,117.83,1708039,,34996
2022-12-29 14:43:16.847000,117.81,,1708950,,
2022-12-29 14:43:17.870000,117.82,117.84,1709542,,34997
2022-12-29 14:43:18.403000,,,1709712,,34998
2022-12-29 14:43:19.413000,117.84,117.85,1710251,,34999
2022-12-29 14:43:19.916000,,117.87,1710551,,
2022-12-29 14:43:20.424000,117.83,117.85,1711463,,35000
2022-12-29 14:43:20.930000,,,1711715,,
2022-12-29 14:43:21.436000,117.84,117.86,1712668,,
2022-12-29 14:43:21.967000,117.87,117.89,1723892,,35001
2022-12-29 14:43:22.472000,117.88,,1727151,,35002
2022-12-29 14:43:22.976000,,,1727281,,
2022-12-29 14:43:23.510000,117.87,,1729207,,35003
2022-12-29 14:43:24.043000,,,1729407,,
2022-12-29 14:43:24.550000,,,1730177,,35004
2022-12-29 14:43:25.074000,,,1730255,,
2022-12-29 14:43:25.606000,,,1730279,,
2022-12-29 14:43:26.150000,117.88,,1730553,,35005
2022-12-29 14:43:26.673000,117.9,117.93,1734126,,35006
2022-12-29 14:43:27.179000,117.91,,1734938,,
2022-12-29 14:43:27.704000,,,1735538,,35007
2022-12-29 14:43:28.246000,,,1735695,,35008
2022-12-29 14:43:28.785000,117.94,117.96,1736792,,
2022-12-29 14:43:29.308000,117.93,117.95,1738107,,35009
2022-12-29 14:43:29.847000,,,1738317,,
2022-12-29 14:43:30.364000,117.97,117.98,1739167,,
2022-12-29 14:43:30.896000,117.98,118,1750460,,35010
2022-12-29 14:43:31.426000,118.02,118.04,1786716,,
2022-12-29 14:43:31.933000,,118.03,1787607,,35011
2022-12-29 14:43:32.436000,117.97,117.99,1794717,,35012
2022-12-29 14:43:32.969000,117.99,118.03,1796411,,
2022-12-29 14:43:33.473000,118,,1797661,,35013
2022-12-29 14:43:33.983000,118.02,118.04,1798492,,
2022-12-29 14:43:34.507000,118.03,,1803502,,35014
2022-12-29 14:43:35.039000,118,118.02,1806416,,
2022-12-29 14:43:35.570000,117.98,118.01,1815142,,35015
2022-12-29 14:43:36.079000,117.99,118,1815797,,
2022-12-29 14:43:36.616000,117.94,117.96,1817948,,35016
2022-12-29 14:43:37.123000,,,1818178,,
2022-12-29 14:43:37.651000,,,1822495,,35017
2022-12-29 14:43:38.157000,117.93,,1823656,,
2022-12-29 14:43:38.686000,,,1823885,,35018
2022-12-29 14:43:39.193000,117.91,117.92,1825336,,
2022-12-29 14:43:39.723000,,,1829161,,35019
2022-12-29 14:43:40.228000,117.92,117.95,1829655,,35020
2022-12-29 14:43:40.758000,,117.93,1836199,,
2022-12-29 14:43:41.265000,117.93,117.95,1836404,,35021
2022-12-29 14:43:41.806000,,,1837134,,
2022-12-29 14:43:42.312000,,,,,35022
2022-12-29 14:43:42.817000,117.92,117.94,1841071,,
2022-12-29 14:43:43.323000,,,1841079,,35023
2022-12-29 14:43:43.854000,,117.93,1841879,,
2022-12-29 14:43:44.387000,117.88,117.9,1842665,,35024
2022-12-29 14:43:44.915000,,,1842897,,
2022-12-29 14:43:45.443000,117.85,117.88,1843902,,35025
2022-12-29 14:43:45.976000,117.8,117.82,1845217,,
2022-12-29 14:43:46.504000,,,1845443,,35026
2022-12-29 14:43:47.041000,,,1845852,,
2022-12-29 14:43:47.548000,117.82,117.85,1849253,,35027
2022-12-29 14:43:48.074000,117.85,117.87,1849690,,
2022-12-29 14:43:48.581000,117.84,,1849797,,35028
2022-12-29 14:43:49.091000,,,1849978,,
2022-12-29 14:43:49.623000,117.82,117.85,1850302,,35029
2022-12-29 14:43:50.146000,117.83,,1850306,,
2022-12-29 14:43:50.679000,,,1850456,,
2022-12-29 14:43:51.209000,117.84,,1850506,,35030
2022-12-29 14:43:51.715000,117.86,117.87,1851344,,35031
2022-12-29 14:43:52.245000,117.85,117.86,1853165,,35032
2022-12-29 14:43:52.753000,117.82,117.85,1855269,,
2022-12-29 14:43:53.272000,,117.84,1855511,,35033
2022-12-29 14:43:54.309000,117.83,117.86,1858114,,35034
2022-12-29 14:43:54.840000,117.88,117.91,1860188,,
2022-12-29 14:43:55.346000,117.91,117.95,1860648,,35035
2022-12-29 14:43:55.879000,117.94,117.97,1862023,,
2022-12-29 14:43:56.401000,117.93,,1862124,,35036
2022-12-29 14:43:56.908000,117.94,,1862129,,
2022-12-29 14:43:57.438000,,,,,35037
2022-12-29 14:43:57.971000,,117.96,1862187,,
2022-12-29 14:43:58.499000,,,1862387,,35038
2022-12-29 14:43:59.032000,,,1862439,,
2022-12-29 14:43:59.577000,117.95,,1863525,,35039
2022-12-29 14:44:00.110000,117.94,117.95,1865535,,
2022-12-29 14:44:00.612000,117.95,117.98,1866267,,35040
2022-12-29 14:44:01.119000,117.94,117.97,1867002,,
2022-12-29 14:44:01.673000,,117.95,1868275,,35041
2022-12-29 14:44:02.205000,117.93,117.94,1873085,,
2022-12-29 14:44:02.731000,117.94,117.95,1874258,,35042
2022-12-29 14:44:03.264000,117.95,117.97,1874790,,35043
2022-12-29 14:44:03.767000,117.97,117.99,1875069,,
2022-12-29 14:44:04.279000,117.96,,1875529,,35044
2022-12-29 14:44:04.802000,117.97,,1875730,,
2022-12-29 14:44:05.326000,117.98,118,1878148,,
2022-12-29 14:44:05.843000,117.97,117.99,1878349,,35045
2022-12-29 14:44:06.350000,,,1880441,,35046
2022-12-29 14:44:06.854000,117.96,117.97,1883394,,
2022-12-29 14:44:07.421000,,,1883644,,
2022-12-29 14:44:07.953000,,,1884699,,35047
2022-12-29 14:44:08.458000,,,1885211,,
2022-12-29 14:44:09.001000,117.97,117.98,1885715,,35048
2022-12-29 14:44:09.534000,,,1888969,,35049
2022-12-29 14:44:10.071000,117.98,118,1890051,,
2022-12-29 14:44:10.603000,,,1890156,,35050
2022-12-29 14:44:11.134000,117.96,117.97,1891410,,
2022-12-29 14:44:11.638000,,,1891608,,35051
2022-12-29 14:44:12.179000,117.98,118,1892558,,
2022-12-29 14:44:12.720000,,,1892661,,35052
2022-12-29 14:44:13.262000,,,1892781,,35053
2022-12-29 14:44:13.782000,,117.99,1894536,,
2022-12-29 14:44:14.303000,117.99,118,1894582,,35054
2022-12-29 14:44:14.838000,117.98,117.99,1894611,,
2022-12-29 14:44:15.378000,117.97,117.98,1895465,,35055
2022-12-29 14:44:15.886000,,,1896502,,
2022-12-29 14:44:16.399000,117.98,117.99,1896702,,
2022-12-29 14:44:16.924000,117.99,118,1896902,,35056
2022-12-29 14:44:17.431000,117.98,117.99,1897594,,35057
2022-12-29 14:44:17.940000,,118,1897853,,
2022-12-29 14:44:18.441000,,,1898354,,35058
2022-12-29 14:44:18.974000,,,1898637,,
2022-12-29 14:44:19.478000,117.97,117.98,1900424,,35059
2022-12-29 14:44:20.011000,117.99,118,1900869,,
2022-12-29 14:44:20.512000,,118.02,1904974,,35060
2022-12-29 14:44:21.051000,,118,1906341,,
2022-12-29 14:44:21.593000,117.98,117.99,1907045,,35061
2022-12-29 14:44:22.112000,,,1907466,,
2022-12-29 14:44:22.628000,,,1908657,,35062
2022-12-29 14:44:23.134000,,,1908658,,
2022-12-29 14:44:23.679000,,,1915502,,35063
2022-12-29 14:44:24.743000,,,1916703,,35064
2022-12-29 14:44:25.270000,,,1916946,,
2022-12-29 14:44:25.782000,117.99,118,1919101,,35065
2022-12-29 14:44:26.305000,,,1919549,,35066
2022-12-29 14:44:26.827000,,,1924118,,
2022-12-29 14:44:27.340000,,,1924543,,35067
2022-12-29 14:44:27.879000,117.98,117.99,1925959,,
2022-12-29 14:44:28.414000,,,1928988,,35068
2022-12-29 14:44:28.946000,117.99,118,1929770,,
2022-12-29 14:44:29.447000,,,1930371,,35069
2022-12-29 14:44:30.464000,118,118.02,1931111,,35070
2022-12-29 14:44:30.977000,117.99,118,1931716,,
2022-12-29 14:44:31.519000,117.98,,1931838,,35071
2022-12-29 14:44:32.052000,117.9,117.92,1934973,,
2022-12-29 14:44:33.087000,117.86,117.88,1935075,,35072
2022-12-29 14:44:33.610000,117.82,117.86,1935275,,35073
2022-12-29 14:44:34.116000,,,1935451,,
2022-12-29 14:44:34.646000,,,1935683,,35074
2022-12-29 14:44:35.149000,,,1935693,,
2022-12-29 14:44:35.674000,117.83,,1935694,,35075
2022-12-29 14:44:36.181000,,117.84,,,
2022-12-29 14:44:36.700000,117.89,117.91,1936903,,35076
2022-12-29 14:44:37.238000,117.88,117.92,1937003,,
2022-12-29 14:44:37.777000,117.86,117.89,1937420,,35077
2022-12-29 14:44:38.284000,117.83,117.87,1937672,,35078
2022-12-29 14:44:38.810000,,117.86,1937823,,
2022-12-29 14:44:39.343000,,117.85,1938078,,35079
2022-12-29 14:44:39.848000,,,1938260,,
2022-12-29 14:44:40.353000,,,1938369,,
2022-12-29 14:44:40.884000,,,1938479,,
2022-12-29 14:44:41.392000,,,1939131,,35080
2022-12-29 14:44:41.936000,,,1939336,,35081
2022-12-29 14:44:42.443000,,,1939338,,
2022-12-29 14:44:42.958000,117.8,117.82,1940055,,35082
2022-12-29 14:44:43.525000,,,1940311,,35083
2022-12-29 14:44:44.058000,117.82,117.85,1941494,,
2022-12-29 14:44:44.561000,117.81,117.84,1941746,,35084
2022-12-29 14:44:45.068000,117.8,117.83,1942207,,
2022-12-29 14:44:45.622000,,117.82,1942394,,35085
2022-12-29 14:44:46.135000,,,1947358,,
2022-12-29 14:44:46.665000,117.77,117.79,1954954,,35086
2022-12-29 14:44:47.195000,,,1955080,,
2022-12-29 14:44:47.708000,,,1955682,,35087
2022-12-29 14:44:48.251000,,,1955932,,
2022-12-29 14:44:48.758000,,,1956547,,
2022-12-29 14:44:49.287000,,,1957747,,35088
2022-12-29 14:44:49.793000,,,1958172,,
2022-12-29 14:44:50.311000,,,1958628,,
2022-12-29 14:44:50.839000,117.76,117.77,1963246,,35090
2022-12-29 14:44:51.394000,117.77,117.79,1964923,,35091
2022-12-29 14:44:51.901000,,117.8,1965721,,
2022-12-29 14:44:52.431000,,117.79,1965892,,35092
2022-12-29 14:44:52.956000,,,1966990,,
2022-12-29 14:44:53.495000,,117.78,1968516,,35093
2022-12-29 14:44:54.033000,117.7,117.73,1969974,,
2022-12-29 14:44:54.552000,,,1970018,,35094
2022-12-29 14:44:55.084000,117.72,,1970356,,
2022-12-29 14:44:55.587000,117.68,117.72,1970816,,35095
2022-12-29 14:44:56.095000,117.64,117.68,1970943,,
2022-12-29 14:44:56.603000,117.69,117.71,1971625,,35096
2022-12-29 14:44:57.136000,,,1971690,,
2022-12-29 14:44:57.661000,,,1971692,,
2022-12-29 14:44:58.180000,,,1974057,,35097
2022-12-29 14:44:58.712000,,,1974065,,35098
2022-12-29 14:44:59.231000,,,1974315,,
2022-12-29 14:44:59.764000,,,1975757,,35099
2022-12-29 14:45:00.293000,117.73,117.75,1976784,,35100
2022-12-29 14:45:00.812000,117.76,117.8,1979190,,
2022-12-29 14:45:01.320000,117.74,117.77,1980326,,35101
2022-12-29 14:45:01.847000,117.79,117.8,1981731,,
2022-12-29 14:45:02.354000,117.74,117.78,1982426,,35102
2022-12-29 14:45:02.867000,,117.76,1983546,,
2022-12-29 14:45:03.374000,117.76,117.79,1983646,,35103
2022-12-29 14:45:03.898000,117.77,,1984877,,
2022-12-29 14:45:04.423000,117.75,117.76,1989029,,35104
2022-12-29 14:45:04.946000,117.76,117.8,1989843,,
2022-12-29 14:45:05.471000,117.77,,,,35105
2022-12-29 14:45:06.011000,117.81,117.84,1991376,,
2022-12-29 14:45:06.546000,117.83,117.86,1991519,,35106
2022-12-29 14:45:07.047000,,,1992894,,
2022-12-29 14:45:07.585000,,,1994240,,35107
2022-12-29 14:45:08.130000,,117.85,1996498,,
2022-12-29 14:45:08.637000,,117.84,1996601,,35108
2022-12-29 14:45:09.165000,,,1996651,,
2022-12-29 14:45:09.671000,,117.86,1996879,,35109
2022-12-29 14:45:10.201000,117.84,,1997098,,
2022-12-29 14:45:10.735000,117.83,,1997299,,35110
2022-12-29 14:45:11.262000,117.85,117.87,1998585,,
2022-12-29 14:45:11.796000,,,1998644,,35111
2022-12-29 14:45:12.320000,117.86,117.89,2001988,,35112
2022-12-29 14:45:12.826000,,,2001992,,
2022-12-29 14:45:13.335000,117.89,117.92,2002489,,35113
2022-12-29 14:45:13.847000,,117.91,2003040,,
2022-12-29 14:45:14.349000,,,2003266,,
2022-12-29 14:45:14.862000,,,2003273,,35114
2022-12-29 14:45:15.385000,,117.92,2012007,,35115
2022-12-29 14:45:15.893000,117.91,117.94,2012057,,
2022-12-29 14:45:16.424000,,117.93,2012533,,35116
2022-12-29 14:45:16.957000,117.88,117.92,2012554,,
2022-12-29 14:45:17.481000,,,2012561,,35117
2022-12-29 14:45:18.014000,,117.91,2013335,,
2022-12-29 14:45:18.516000,,117.9,2013386,,35118
2022-12-29 14:45:19.049000,117.89,,2013536,,
2022-12-29 14:45:19.571000,117.92,117.95,2015562,,35119
2022-12-29 14:45:20.078000,,117.96,2015666,,
2022-12-29 14:45:20.615000,,117.95,2015896,,35120
2022-12-29 14:45:21.122000,,,2015907,,
2022-12-29 14:45:21.635000,,,2015922,,35121
2022-12-29 14:45:22.168000,117.9,117.93,2016964,,
2022-12-29 14:45:22.697000,117.91,,2017325,,35122
2022-12-29 14:45:23.237000,117.9,117.92,2017425,,
2022-12-29 14:45:23.768000,117.91,,2017845,,35123
2022-12-29 14:45:24.291000,117.93,117.95,2021944,,35124
2022-12-29 14:45:24.811000,,,2022335,,
2022-12-29 14:45:25.313000,117.96,117.98,2025965,,35125
2022-12-29 14:45:25.819000,,117.99,2026065,,
2022-12-29 14:45:26.332000,117.97,,2026224,,35126
2022-12-29 14:45:26.863000,117.98,118,2027252,,
2022-12-29 14:45:27.377000,,,2027377,,
2022-12-29 14:45:27.891000,,,2027665,,
2022-12-29 14:45:28.434000,118,118.01,2029916,,35128
2022-12-29 14:45:28.967000,117.98,118,2031248,,
2022-12-29 14:45:29.475000,117.95,117.97,2033832,,35129
2022-12-29 14:45:30.006000,117.9,117.92,2035351,,
2022-12-29 14:45:30.550000,117.91,,2035585,,35130
2022-12-29 14:45:31.592000,117.9,,2035673,,35131
2022-12-29 14:45:32.130000,117.91,,2045733,,
2022-12-29 14:45:32.675000,117.95,117.97,2046682,,35132
2022-12-29 14:45:33.187000,117.98,118,2049695,,
2022-12-29 14:45:33.730000,,118.01,,,35133
2022-12-29 14:45:34.257000,117.94,117.97,2051006,,
2022-12-29 14:45:34.764000,,,2051058,,35134
2022-12-29 14:45:35.293000,117.95,,2053501,,
2022-12-29 14:45:35.811000,,,2053504,,35135
2022-12-29 14:45:36.320000,,,2054707,,
2022-12-29 14:45:36.858000,,,,,35136
2022-12-29 14:45:37.392000,,,2054986,,35137
2022-12-29 14:45:37.918000,,117.96,2054987,,
2022-12-29 14:45:38.425000,117.96,117.97,2055826,,35138
2022-12-29 14:45:39.463000,117.93,117.96,2058714,,35139
2022-12-29 14:45:39.970000,117.94,,2058815,,
2022-12-29 14:45:40.497000,,,2058816,,35140
2022-12-29 14:45:41.006000,117.92,,2058822,,
2022-12-29 14:45:41.514000,117.93,,2058922,,35141
2022-12-29 14:45:42.043000,117.94,117.97,2059243,,
2022-12-29 14:45:42.549000,,117.96,2059306,,35142
2022-12-29 14:45:43.078000,117.92,117.95,2059411,,
2022-12-29 14:45:43.583000,,117.94,2066335,,35143
2022-12-29 14:45:44.090000,,,2067755,,
2022-12-29 14:45:44.625000,117.95,117.97,2068762,,35144
2022-12-29 14:45:45.132000,117.94,117.98,2069833,,
2022-12-29 14:45:45.634000,,,2069835,,35145
2022-12-29 14:45:46.142000,117.95,,2071285,,
2022-12-29 14:45:46.649000,117.94,117.96,,,35146
2022-12-29 14:45:47.687000,117.95,,2071586,,35147
2022-12-29 14:45:48.213000,117.97,118,2071686,,
2022-12-29 14:45:48.746000,117.96,117.97,2071887,,35148
2022-12-29 14:45:49.271000,117.92,117.94,2072090,,35149
2022-12-29 14:45:49.778000,,,2072190,,
2022-12-29 14:45:50.287000,,,2072690,,
2022-12-29 14:45:50.795000,,,2072790,,35150
2022-12-29 14:45:51.842000,,,2074276,,
2022-12-29 14:45:52.368000,,,2075624,,35152
2022-12-29 14:45:52.875000,,,2075630,,
2022-12-29 14:45:53.406000,,,2076250,,
2022-12-29 14:45:53.932000,117.89,117.9,2080524,,35153
2022-12-29 14:45:54.466000,,,2080527,,
2022-12-29 14:45:54.968000,117.9,117.91,2081850,,35154
2022-12-29 14:45:55.475000,,,2082451,,35155
2022-12-29 14:45:56.004000,,117.92,2085256,,
2022-12-29 14:45:56.511000,,,2088348,,35156
2022-12-29 14:45:57.038000,117.93,117.95,2089096,,
2022-12-29 14:45:57.546000,,,2089619,,35157
2022-12-29 14:45:58.050000,117.91,117.93,2089719,,
2022-12-29 14:45:58.557000,,,,,35158
2022-12-29 14:45:59.085000,,,2090556,,
2022-12-29 14:45:59.593000,117.9,,2090603,,35159
2022-12-29 14:46:00.100000,,,2091937,,
2022-12-29 14:46:00.608000,117.94,117.97,2092219,,35160
2022-12-29 14:46:01.135000,117.95,,2092221,,
2022-12-29 14:46:01.644000,117.97,118,2092848,,35161
2022-12-29 14:46:02.172000,117.96,117.98,2093170,,
2022-12-29 14:46:02.682000,117.95,117.97,2093199,,35162
2022-12-29 14:46:03.209000,117.96,,2093949,,
2022-12-29 14:46:03.716000,117.95,,2094298,,35163
2022-12-29 14:46:04.245000,117.94,117.96,2094683,,
2022-12-29 14:46:04.785000,,,2094783,,35164
2022-12-29 14:46:05.318000,,,2094784,,35165
2022-12-29 14:46:05.846000,117.93,117.94,2096684,,
2022-12-29 14:46:06.860000,,,2096857,,35166
2022-12-29 14:46:07.921000,,,2096870,,
2022-12-29 14:46:08.429000,,,2096987,,
2022-12-29 14:46:08.970000,117.91,117.93,2100099,,35168
2022-12-29 14:46:09.478000,,,2100220,,
2022-12-29 14:46:10.006000,117.92,117.94,2100770,,35169
2022-12-29 14:46:10.539000,,,2100771,,35170
2022-12-29 14:46:11.066000,,117.93,2102073,,
2022-12-29 14:46:11.617000,,,2102074,,35171
2022-12-29 14:46:12.163000,,,2102477,,
2022-12-29 14:46:12.670000,117.95,117.96,2103448,,35172
2022-12-29 14:46:13.197000,,,2103449,,
2022-12-29 14:46:13.704000,,,2103549,,35173
2022-12-29 14:46:14.230000,,,2103551,,
2022-12-29 14:46:14.737000,117.94,,2103914,,35174
2022-12-29 14:46:15.247000,,,2103959,,
2022-12-29 14:46:15.754000,,,2104359,,35175
2022-12-29 14:46:16.281000,117.93,,2107140,,35176
2022-12-29 14:46:16.814000,,,2107840,,
2022-12-29 14:46:17.339000,117.92,117.95,2107849,,35177
2022-12-29 14:46:17.859000,,,2107952,,
2022-12-29 14:46:18.366000,117.87,117.89,2114225,,35178
2022-12-29 14:46:18.894000,117.82,117.84,2115501,,
2022-12-29 14:46:19.427000,117.84,117.87,2115951,,35179
2022-12-29 14:46:19.951000,117.86,117.89,2117477,,
2022-12-29 14:46:20.487000,,117.9,2118732,,
2022-12-29 14:46:20.994000,,,2118743,,
2022-12-29 14:46:21.499000,117.87,,2118849,,35181
2022-12-29 14:46:22.006000,,,2119155,,
2022-12-29 14:46:22.529000,117.94,117.97,2121332,,35182
2022-12-29 14:46:23.062000,117.91,117.95,2124537,,
2022-12-29 14:46:23.590000,117.94,117.96,2125105,,35183
2022-12-29 14:46:24.096000,,,2125323,,
2022-12-29 14:46:24.606000,,117.95,2126411,,35184
2022-12-29 14:46:25.141000,,117.97,2126600,,
2022-12-29 14:46:25.642000,117.96,117.98,2127872,,35185
2022-12-29 14:46:26.149000,,,2127975,,
2022-12-29 14:46:26.680000,117.94,117.96,2128246,,35186
2022-12-29 14:46:27.186000,117.96,117.97,2129759,,
2022-12-29 14:46:27.717000,117.95,117.98,2129959,,35187
2022-12-29 14:46:28.225000,117.96,,2129964,,
2022-12-29 14:46:28.752000,117.98,118,2130883,,35188
2022-12-29 14:46:29.259000,117.95,117.98,2131183,,
2022-12-29 14:46:29.787000,117.94,117.97,2131839,,35189
2022-12-29 14:46:30.293000,,,2133179,,35190
2022-12-29 14:46:30.801000,117.95,,,,
2022-12-29 14:46:31.307000,,117.96,2133223,,35191
2022-12-29 14:46:31.836000,,,2133344,,
2022-12-29 14:46:32.344000,,,,,35192
2022-12-29 14:46:32.873000,117.97,117.99,2134735,,
2022-12-29 14:46:33.386000,118.01,118.02,2137151,,35193
2022-12-29 14:46:33.909000,,118.03,2137620,,
2022-12-29 14:46:34.417000,,,2138064,,
2022-12-29 14:46:34.924000,117.99,118.02,2139509,,35194
2022-12-29 14:46:35.431000,,118.01,2139816,,35195
2022-12-29 14:46:35.958000,118,,2139946,,
2022-12-29 14:46:36.491000,117.99,,2144046,,35196
2022-12-29 14:46:37.015000,,,2144258,,
2022-12-29 14:46:37.547000,118,118.02,2145261,,35197
2022-12-29 14:46:38.077000,117.99,118.01,2146577,,
2022-12-29 14:46:38.583000,118.01,118.02,2146789,,35198
2022-12-29 14:46:39.113000,118,118.03,2148982,,
2022-12-29 14:46:39.620000,118.01,,2149285,,35199
2022-12-29 14:46:40.152000,,,2149485,,
2022-12-29 14:46:40.659000,118.03,118.05,2152687,,35200
2022-12-29 14:46:41.169000,118.06,118.07,2155033,,
2022-12-29 14:46:41.676000,,118.08,2155960,,35201
2022-12-29 14:46:42.201000,118.07,118.1,2156542,,35202
2022-12-29 14:46:42.733000,118.06,118.07,2156830,,
2022-12-29 14:46:43.241000,,118.08,2158437,,
2022-12-29 14:46:43.767000,,118.09,2161354,,35203
2022-12-29 14:46:44.273000,118.07,,2162210,,35204
2022-12-29 14:46:44.798000,118.06,,2163353,,
2022-12-29 14:46:45.305000,118.07,,2163561,,35205
2022-12-29 14:46:45.814000,,118.1,2165576,,
2022-12-29 14:46:46.321000,,118.09,2171847,,35206
2022-12-29 14:46:46.823000,118.06,,2171947,,
2022-12-29 14:46:47.329000,118.08,,2173257,,35207
2022-12-29 14:46:47.857000,,,2173716,,
2022-12-29 14:46:48.364000,118.09,118.11,2173918,,35208
2022-12-29 14:46:48.894000,118.06,118.1,2174488,,
2022-12-29 14:46:49.401000,,,2174838,,35209
2022-12-29 14:46:49.946000,118.08,118.11,2175794,,
2022-12-29 14:46:50.453000,118.06,118.1,2176143,,35210
2022-12-29 14:46:50.965000,118.07,118.09,2178324,,
2022-12-29 14:46:51.472000,,,2180038,,35211
2022-12-29 14:46:52.003000,,118.1,2181288,,
2022-12-29 14:46:52.509000,118.06,,2181743,,35212
2022-12-29 14:46:53.038000,,118.09,2182352,,
2022-12-29 14:46:53.570000,,,2182737,,35213
2022-12-29 14:46:54.073000,118.09,118.11,2183164,,35214
2022-12-29 14:46:54.580000,118.08,118.1,2187308,,
2022-12-29 14:46:55.109000,118.07,,2187318,,
2022-12-29 14:46:55.616000,118.08,,2187718,,35215
2022-12-29 14:46:56.146000,,,2187722,,
2022-12-29 14:46:56.687000,,,2188287,,35216
2022-12-29 14:46:57.193000,118.1,118.12,2192189,,35217
2022-12-29 14:46:57.721000,,,2194192,,
2022-12-29 14:46:58.227000,,,2194201,,
2022-12-29 14:46:58.736000,118.09,118.11,2194483,,35218
2022-12-29 14:46:59.242000,,,2194683,,
2022-12-29 14:46:59.766000,,,2194829,,35219
2022-12-29 14:47:00.304000,118.07,118.1,2196899,,35220
2022-12-29 14:47:00.833000,,,2196934,,
2022-12-29 14:47:01.374000,118.09,118.12,2197465,,35221
2022-12-29 14:47:01.881000,,,2198316,,
2022-12-29 14:47:02.390000,118.07,118.09,2201663,,35222
2022-12-29 14:47:02.925000,118.08,,2201863,,
2022-12-29 14:47:03.468000,,,2203323,,35223
2022-12-29 14:47:03.990000,,,2203553,,
2022-12-29 14:47:04.522000,118.1,118.11,2204657,,35224
2022-12-29 14:47:05.032000,,,2204667,,
2022-12-29 14:47:05.538000,,,2204795,,
2022-12-29 14:47:06.064000,,118.12,2206827,,35225
2022-12-29 14:47:06.598000,118.11,118.13,2206944,,35226
2022-12-29 14:47:07.105000,,,2207504,,
2022-12-29 14:47:07.612000,,,2207614,,35227
2022-12-29 14:47:08.138000,,118.14,2208316,,35228
2022-12-29 14:47:08.670000,118.06,118.07,2211832,,
2022-12-29 14:47:09.203000,,,2211942,,
2022-12-29 14:47:09.714000,,,2212143,,35229
2022-12-29 14:47:10.234000,118.08,118.1,2217113,,
2022-12-29 14:47:10.741000,,118.11,2217386,,35230
2022-12-29 14:47:11.251000,,118.1,2218086,,35231
2022-12-29 14:47:11.764000,,,2218220,,
2022-12-29 14:47:12.268000,118.06,118.08,2221491,,
2022-12-29 14:47:12.773000,118.07,,2221595,,35232
2022-12-29 14:47:13.295000,,,2222240,,
2022-12-29 14:47:13.803000,118.06,118.07,2226009,,35233
2022-12-29 14:47:14.312000,,,2226243,,35234
2022-12-29 14:47:14.845000,118.1,118.12,2229920,,
2022-12-29 14:47:15.369000,,118.11,2230878,,35235
2022-12-29 14:47:15.875000,,,2231328,,
2022-12-29 14:47:16.405000,,,2233632,,35236
2022-12-29 14:47:17.951000,118.11,118.14,2234733,,35237
2022-12-29 14:47:18.478000,,118.12,,,
2022-12-29 14:47:18.984000,118.1,118.11,2234949,,35238
2022-12-29 14:47:19.513000,,,2235001,,35239
2022-12-29 14:47:20.046000,118.11,118.12,2235285,,
2022-12-29 14:47:20.549000,118.1,118.11,2237297,,35240
2022-12-29 14:47:21.056000,118.11,118.14,2237770,,
2022-12-29 14:47:21.586000,118.14,118.15,2238537,,35241
2022-12-29 14:47:22.122000,118.13,,2238964,,
2022-12-29 14:47:22.629000,118.12,,2239871,,35242
2022-12-29 14:47:23.157000,,,2239881,,
2022-12-29 14:47:23.670000,,118.14,,,35243
2022-12-29 14:47:24.191000,,118.15,2239981,,
2022-12-29 14:47:24.698000,118.1,118.12,2242100,,35244
2022-12-29 14:47:25.216000,,,2242101,,
2022-12-29 14:47:25.724000,118.09,118.1,2245812,,35245
2022-12-29 14:47:26.246000,118.1,118.11,2245913,,
2022-12-29 14:47:26.753000,118.07,118.09,2248520,,35246
2022-12-29 14:47:27.284000,118.08,,2249556,,
2022-12-29 14:47:27.791000,118.09,118.12,2251343,,35247
2022-12-29 14:47:28.325000,118.1,,2251363,,
2022-12-29 14:47:28.831000,,,2251373,,
2022-12-29 14:47:29.361000,,,2251374,,
2022-12-29 14:47:29.894000,,,,,35249
2022-12-29 14:47:30.928000,118.11,118.13,2251879,,35250
2022-12-29 14:47:31.465000,118.1,118.12,2251948,,
2022-12-29 14:47:31.971000,,118.11,2251995,,35251
2022-12-29 14:47:32.500000,,,2252040,,35252
2022-12-29 14:47:33.007000,118.09,118.1,2253537,,
2022-12-29 14:47:33.520000,118.08,118.09,2258491,,35253
2022-12-29 14:47:34.032000,,,2258692,,
2022-12-29 14:47:34.557000,,,2258747,,
2022-12-29 14:47:35.063000,118.09,118.1,2261793,,35254
2022-12-29 14:47:35.593000,118.11,118.13,2262111,,35255
2022-12-29 14:47:36.099000,,,2262492,,
2022-12-29 14:47:36.629000,118.14,118.15,2263316,,35256
2022-12-29 14:47:37.136000,118.16,118.18,2266918,,35257
2022-12-29 14:47:37.666000,118.17,,2267215,,
2022-12-29 14:47:38.197000,,118.19,2268120,,
2022-12-29 14:47:38.704000,,118.18,2268386,,35258
2022-12-29 14:47:39.232000,118.15,,2268387,,
2022-12-29 14:47:39.739000,118.17,,2268388,,35259
2022-12-29 14:47:40.258000,118.15,,,,
2022-12-29 14:47:40.806000,,118.16,2268481,,35260
2022-12-29 14:47:41.346000,118.11,118.13,2269787,,35261
2022-12-29 14:47:41.854000,118.12,,,,
2022-12-29 14:47:42.382000,118.11,118.14,2270319,,35262
2022-12-29 14:47:42.889000,118.13,118.16,2270356,,
2022-12-29 14:47:43.417000,118.11,118.14,2271357,,35263
2022-12-29 14:47:43.924000,118.14,118.17,2271551,,
2022-12-29 14:47:44.455000,118.15,118.18,2272210,,35264
2022-12-29 14:47:44.962000,118.16,118.19,2272352,,
2022-12-29 14:47:45.473000,118.15,,2273099,,35265
2022-12-29 14:47:45.981000,118.12,118.15,2273199,,
2022-12-29 14:47:46.507000,118.14,118.17,2273499,,35266
2022-12-29 14:47:47.014000,,118.16,,,
2022-12-29 14:47:47.544000,118.12,118.14,2273599,,35267
2022-12-29 14:47:48.078000,118.11,,2275813,,35268
2022-12-29 14:47:48.601000,118.13,,2276844,,
2022-12-29 14:47:49.108000,118.16,118.19,2277140,,35269
2022-12-29 14:47:49.637000,,118.18,2277145,,
2022-12-29 14:47:50.143000,118.15,118.17,2277400,,
2022-12-29 14:47:50.674000,118.13,118.16,2277514,,35270
2022-12-29 14:47:51.181000,118.17,118.19,2277748,,35271
2022-12-29 14:47:51.709000,,118.18,2277791,,
2022-12-29 14:47:52.216000,118.16,,2278308,,
2022-12-29 14:47:52.744000,118.14,118.17,,,35272
2022-12-29 14:47:53.252000,118.15,,2278324,,
2022-12-29 14:47:53.779000,118.13,118.16,2278474,,35273
2022-12-29 14:47:54.286000,118.12,,2279161,,
2022-12-29 14:47:54.815000,118.13,,2280161,,35274
2022-12-29 14:47:55.339000,118.16,118.19,2281172,,35275
2022-12-29 14:47:55.871000,118.17,,2281175,,
2022-12-29 14:47:56.397000,118.16,118.18,2281280,,35276
2022-12-29 14:47:56.905000,118.15,118.16,2281630,,
2022-12-29 14:47:57.432000,118.16,118.18,2282050,,35277
2022-12-29 14:47:57.933000,,118.17,2282314,,
2022-12-29 14:47:58.465000,,,2282414,,
2022-12-29 14:47:58.971000,118.18,118.19,2282800,,35278
2022-12-29 14:47:59.505000,118.17,,2282851,,35279
2022-12-29 14:48:00.028000,118.16,118.18,2283259,,
2022-12-29 14:48:00.560000,,,2283338,,35280
2022-12-29 14:48:01.088000,,,2283963,,
2022-12-29 14:48:01.596000,,,2283964,,35281
2022-12-29 14:48:02.105000,118.14,118.16,2284405,,
2022-12-29 14:48:02.617000,,,2284711,,35282
2022-12-29 14:48:03.118000,118.11,118.14,2285488,,
2022-12-29 14:48:03.625000,118.12,,2288737,,35283
2022-12-29 14:48:04.162000,,118.16,2288759,,35284
2022-12-29 14:48:04.690000,,118.14,2289036,,
2022-12-29 14:48:05.223000,,,2289548,,35285
2022-12-29 14:48:05.726000,118.11,,2289707,,
2022-12-29 14:48:06.233000,,,2289727,,
2022-12-29 14:48:06.779000,118.12,118.16,2290193,,35286
2022-12-29 14:48:07.287000,,118.15,2290194,,35287
2022-12-29 14:48:07.818000,,118.14,2290294,,
2022-12-29 14:48:08.854000,118.09,118.13,2291923,,35288
2022-12-29 14:48:09.388000,118.12,118.14,2293079,,35289
2022-12-29 14:48:09.916000,,,2293154,,
2022-12-29 14:48:10.423000,118.14,118.16,2297813,,35290
2022-12-29 14:48:10.942000,,,2298082,,
2022-12-29 14:48:11.476000,118.15,,2298184,,35291
2022-12-29 14:48:11.997000,118.17,118.19,2299594,,
2022-12-29 14:48:12.518000,118.16,118.18,2299694,,35292
2022-12-29 14:48:13.025000,118.17,,2299868,,
2022-12-29 14:48:13.556000,,,2299914,,35293
2022-12-29 14:48:14.063000,,118.19,2299920,,
2022-12-29 14:48:14.591000,118.12,118.13,2302256,,35294
2022-12-29 14:48:15.098000,118.1,118.12,2302647,,
2022-12-29 14:48:15.599000,118.11,118.14,2302906,,35295
2022-12-29 14:48:16.131000,,118.12,2303607,,
2022-12-29 14:48:16.641000,118.12,118.15,2303691,,35296
2022-12-29 14:48:17.154000,118.14,118.17,2304627,,35297
2022-12-29 14:48:17.701000,,118.16,2304638,,
2022-12-29 14:48:18.206000,,,2304657,,
2022-12-29 14:48:18.735000,,118.15,2304808,,35298
2022-12-29 14:48:19.268000,,118.16,2304930,,35299
2022-12-29 14:48:19.772000,118.12,118.15,2305451,,
2022-12-29 14:48:20.279000,118.14,118.16,2307466,,35300
2022-12-29 14:48:20.809000,118.17,118.18,2308204,,
2022-12-29 14:48:21.316000,,,2308443,,
2022-12-29 14:48:21.845000,,,2308544,,35301
2022-12-29 14:48:22.353000,,,2311155,,35302
2022-12-29 14:48:22.880000,118.2,118.22,2320271,,
2022-12-29 14:48:23.429000,,,2321274,,35303
2022-12-29 14:48:23.937000,,118.21,2321776,,
2022-12-29 14:48:24.464000,,118.22,2324844,,35304
2022-12-29 14:48:25.011000,,,2324865,,
2022-12-29 14:48:25.559000,118.18,118.2,2325564,,35305
2022-12-29 14:48:26.626000,,118.21,2327793,,35306
2022-12-29 14:48:27.148000,118.19,,2328536,,
2022-12-29 14:48:27.681000,,,2328537,,35307
2022-12-29 14:48:28.211000,,,2328614,,
2022-12-29 14:48:28.719000,,,2328645,,
2022-12-29 14:48:29.250000,,,2328689,,35308
2022-12-29 14:48:29.783000,118.2,,2328835,,35309
2022-12-29 14:48:30.307000,118.19,,2328926,,35310
2022-12-29 14:48:30.814000,,,2329850,,
2022-12-29 14:48:31.322000,118.21,118.22,2330821,,35311
2022-12-29 14:48:31.855000,118.24,118.25,2332297,,
2022-12-29 14:48:32.379000,,,2332507,,35312
2022-12-29 14:48:32.885000,,,2333728,,
2022-12-29 14:48:33.417000,,,2334185,,35313
2022-12-29 14:48:33.954000,118.29,118.3,2336474,,
2022-12-29 14:48:34.461000,,,2336795,,35314
2022-12-29 14:48:34.994000,,,2336846,,
2022-12-29 14:48:35.528000,118.27,118.28,2337706,,35315
2022-12-29 14:48:36.034000,,,2337829,,
2022-12-29 14:48:36.539000,118.26,118.29,2338629,,35316
2022-12-29 14:48:37.064000,,118.27,2338686,,
2022-12-29 14:48:37.570000,,118.28,2339004,,35317
2022-12-29 14:48:38.099000,,,2342247,,
2022-12-29 14:48:38.607000,,118.27,2343022,,35318
2022-12-29 14:48:39.135000,118.25,,2343944,,35319
2022-12-29 14:48:39.643000,118.24,118.26,2344951,,
2022-12-29 14:48:40.172000,118.25,,2344952,,35320
2022-12-29 14:48:40.712000,,,2345837,,
2022-12-29 14:48:41.253000,,118.27,2346987,,
2022-12-29 14:48:41.760000,,,2347349,,35321
2022-12-29 14:48:42.289000,118.23,118.24,2348401,,35322
2022-12-29 14:48:42.796000,118.22,,2349448,,
2022-12-29 14:48:43.326000,118.21,118.23,2350834,,
2022-12-29 14:48:43.838000,118.22,,2350935,,35323
2022-12-29 14:48:44.362000,,,2352194,,
2022-12-29 14:48:44.900000,118.21,118.22,2353225,,35324
2022-12-29 14:48:45.413000,118.22,118.24,2353718,,35325
2022-12-29 14:48:45.947000,,,2353744,,
2022-12-29 14:48:46.454000,,,2353745,,35326
2022-12-29 14:48:46.999000,,118.23,2353845,,
2022-12-29 14:48:47.531000,,,2353846,,35327
2022-12-29 14:48:48.060000,,,2355202,,
2022-12-29 14:48:48.569000,118.19,118.2,2359593,,35328
2022-12-29 14:48:49.095000,118.2,118.22,2361063,,
2022-12-29 14:48:49.609000,118.12,118.15,2362103,,35329
2022-12-29 14:48:50.116000,118.16,118.17,2363105,,
2022-12-29 14:48:50.623000,118.14,118.16,2363506,,35330
2022-12-29 14:48:51.156000,118.13,,2363639,,35331
2022-12-29 14:48:51.681000,118.14,,2364778,,
2022-12-29 14:48:52.212000,118.13,,2365459,,35332
2022-12-29 14:48:52.737000,,118.14,2367318,,
2022-12-29 14:48:53.244000,118.19,118.22,2369808,,35333
2022-12-29 14:48:53.773000,118.24,118.26,2371442,,
2022-12-29 14:48:54.280000,118.27,118.3,2373338,,35334
2022-12-29 14:48:54.809000,118.26,118.28,2373499,,
2022-12-29 14:48:55.316000,118.27,,2373810,,35335
2022-12-29 14:48:55.825000,118.26,,,,
2022-12-29 14:48:56.333000,118.25,,2376936,,
2022-12-29 14:48:56.835000,,118.27,2377216,,35336
2022-12-29 14:48:57.367000,118.23,118.25,2378410,,35337
2022-12-29 14:48:58.408000,,,2378510,,35338
2022-12-29 14:48:58.932000,,,2379760,,
2022-12-29 14:48:59.439000,,,2379785,,35339
2022-12-29 14:48:59.968000,118.25,118.27,2381457,,
2022-12-29 14:49:00.475000,,,2381462,,35340
2022-12-29 14:49:01.005000,118.27,118.29,2382790,,
2022-12-29 14:49:01.512000,118.25,118.28,2383060,,35341
2022-12-29 14:49:02.042000,,118.27,2383127,,
2022-12-29 14:49:02.549000,,,2383616,,35342
2022-12-29 14:49:03.059000,118.21,118.23,2385820,,
2022-12-29 14:49:03.566000,118.23,118.25,2388779,,35343
2022-12-29 14:49:04.092000,118.24,118.27,2390154,,
2022-12-29 14:49:04.598000,,118.25,2394593,,35344
2022-12-29 14:49:05.128000,118.18,118.21,2397030,,35345
2022-12-29 14:49:05.662000,,118.19,2397585,,
2022-12-29 14:49:06.163000,118.19,118.2,2398021,,35346
2022-12-29 14:49:06.672000,,118.21,2398698,,
2022-12-29 14:49:07.200000,118.18,118.19,2399225,,
2022-12-29 14:49:07.706000,118.16,,2399403,,35347
2022-12-29 14:49:08.214000,118.14,118.18,2399507,,35348
2022-12-29 14:49:08.747000,118.15,118.16,2399624,,
2022-12-29 14:49:09.279000,118.16,118.17,2399823,,35349
2022-12-29 14:49:09.786000,,118.18,2401834,,
2022-12-29 14:49:10.315000,118.17,118.2,2404018,,35350
2022-12-29 14:49:10.856000,,,2404575,,
2022-12-29 14:49:11.406000,118.16,118.18,2405601,,35351
2022-12-29 14:49:11.913000,118.14,118.16,2405866,,
2022-12-29 14:49:12.468000,118.15,,2405936,,35352
2022-12-29 14:49:12.975000,,,2406144,,
2022-12-29 14:49:13.503000,,,2406214,,35353
2022-12-29 14:49:14.036000,118.17,118.2,2406723,,
2022-12-29 14:49:14.560000,,,2406908,,35354
2022-12-29 14:49:15.093000,,,2406976,,
2022-12-29 14:49:15.625000,118.18,118.21,2407877,,35355
2022-12-29 14:49:16.132000,118.15,118.17,2408401,,35356
2022-12-29 14:49:16.675000,118.14,118.15,2408930,,
2022-12-29 14:49:17.216000,,,2408931,,
2022-12-29 14:49:17.723000,,118.16,2410160,,35357
2022-12-29 14:49:18.224000,118.17,118.19,2411254,,35358
2022-12-29 14:49:18.731000,,,2411989,,
2022-12-29 14:49:19.265000,118.16,,2412153,,
2022-12-29 14:49:19.772000,,,2412265,,35359
2022-12-29 14:49:20.301000,,118.18,2412565,,35360
2022-12-29 14:49:20.814000,,118.19,2412590,,
2022-12-29 14:49:21.322000,118.17,,,,
2022-12-29 14:49:21.858000,118.16,,2412594,,35361
2022-12-29 14:49:22.403000,118.15,118.17,2412929,,
2022-12-29 14:49:22.910000,,,2412962,,35362
2022-12-29 14:49:23.444000,118.14,118.15,2413313,,35363
2022-12-29 14:49:23.952000,118.13,,2414195,,
2022-12-29 14:49:24.484000,118.15,118.16,2414621,,35364
2022-12-29 14:49:24.991000,118.16,118.17,2415024,,
2022-12-29 14:49:25.530000,118.15,,2416622,,35365
