time,bid_price,ask_price,total_volume,open_price,quote_time
2022-12-30 16:41:43.394000,118.69,118.7,7278330,118.16,42103
2022-12-30 16:41:43.938000,,,7278930,,
2022-12-30 16:41:44.480000,,,7278947,,42104
2022-12-30 16:41:45.520000,,,7279122,,42105
2022-12-30 16:41:46.040000,,,7279366,,
2022-12-30 16:41:46.554000,,,7279369,,42106
2022-12-30 16:41:47.086000,,,7279470,,
2022-12-30 16:41:47.593000,,,7279471,,
2022-12-30 16:41:48.140000,,,,,42108
2022-12-30 16:41:48.657000,,,7279571,,
2022-12-30 16:41:49.161000,,,,,42109
2022-12-30 16:41:49.693000,,,7279572,,
2022-12-30 16:41:50.198000,,,,,42110
2022-12-30 16:41:50.705000,,,7279723,,
2022-12-30 16:41:51.718000,,,7279724,,
2022-12-30 16:41:52.234000,,,,,42111
2022-12-30 16:41:52.779000,,,7279824,,42112
2022-12-30 16:41:53.307000,118.68,118.69,7279864,,
2022-12-30 16:41:53.843000,,,7279974,,42113
2022-12-30 16:41:54.350000,,,7279994,,
2022-12-30 16:41:54.877000,,,7280145,,
2022-12-30 16:41:55.392000,,,7280335,,
2022-12-30 16:41:55.921000,118.66,118.67,7282493,,42115
2022-12-30 16:41:56.458000,,,7282593,,
2022-12-30 16:41:56.977000,,,7282598,,42116
2022-12-30 16:41:57.520000,,,,,42117
2022-12-30 16:41:58.039000,,,7282698,,
2022-12-30 16:41:58.562000,,,,,42118
2022-12-30 16:41:59.100000,,,7282804,,
2022-12-30 16:41:59.647000,,,7282818,,42119
2022-12-30 16:42:00.173000,,,7282989,,
2022-12-30 16:42:00.720000,,,7283190,,
2022-12-30 16:42:01.236000,,,,,42120
2022-12-30 16:42:01.743000,118.68,118.7,7284554,,42121
2022-12-30 16:42:02.266000,,,,,42122
2022-12-30 16:42:02.775000,,,7284704,,
2022-12-30 16:42:03.309000,,,7284706,,
2022-12-30 16:42:03.839000,,,7284722,,
2022-12-30 16:42:04.386000,,118.69,7284867,,42124
2022-12-30 16:42:04.898000,118.69,118.7,7285104,,
2022-12-30 16:42:05.429000,,,,,42125
2022-12-30 16:42:05.940000,118.66,118.67,7285882,,
2022-12-30 16:42:06.462000,118.67,118.68,7286120,,42126
2022-12-30 16:42:06.999000,118.66,,7286123,,
2022-12-30 16:42:07.501000,,,7287130,,42127
2022-12-30 16:42:08.034000,,118.67,7287153,,
2022-12-30 16:42:08.556000,,,7287389,,
2022-12-30 16:42:09.103000,,,7287429,,
2022-12-30 16:42:09.612000,,,7287533,,42128
2022-12-30 16:42:10.121000,,,7287707,,42129
2022-12-30 16:42:10.643000,,,7287728,,42130
2022-12-30 16:42:11.154000,,,7287730,,
2022-12-30 16:42:12.219000,,,7287880,,
2022-12-30 16:42:12.745000,118.69,118.71,7288607,,42132
2022-12-30 16:42:13.278000,118.7,118.72,7288709,,
2022-12-30 16:42:13.791000,118.69,118.7,7288914,,42133
2022-12-30 16:42:14.320000,,,7288929,,
2022-12-30 16:42:14.826000,118.68,,,,42134
2022-12-30 16:42:15.355000,,,7288934,,
2022-12-30 16:42:15.871000,118.69,,7289512,,42135
2022-12-30 16:42:16.393000,,,7289513,,
2022-12-30 16:42:16.942000,118.68,,7290695,,42136
2022-12-30 16:42:17.480000,118.69,,7290845,,42137
2022-12-30 16:42:18.018000,118.71,118.73,7291350,,
2022-12-30 16:42:18.567000,118.73,118.74,7291366,,42138
2022-12-30 16:42:19.077000,118.74,118.75,7291575,,
2022-12-30 16:42:19.603000,,,7291576,,42139
2022-12-30 16:42:20.138000,,,7291891,,42140
2022-12-30 16:42:20.640000,118.75,118.77,7293600,,
2022-12-30 16:42:21.143000,118.74,118.76,7293616,,42141
2022-12-30 16:42:22.174000,118.75,118.77,7293742,,42142
2022-12-30 16:42:22.690000,,,7293951,,
2022-12-30 16:42:23.212000,,,7293952,,
2022-12-30 16:42:23.730000,,,7293990,,42143
2022-12-30 16:42:24.250000,,,7294105,,
2022-12-30 16:42:25.270000,118.74,118.75,7295368,,42145
2022-12-30 16:42:25.789000,,118.76,7295469,,
2022-12-30 16:42:26.298000,,118.75,7295552,,
2022-12-30 16:42:26.836000,,,7295665,,42146
2022-12-30 16:42:27.348000,,,7296248,,42147
2022-12-30 16:42:27.885000,,118.76,7296298,,
2022-12-30 16:42:28.419000,,,7296323,,
2022-12-30 16:42:28.946000,,118.75,,,42148
2022-12-30 16:42:29.459000,,118.76,7296504,,42149
2022-12-30 16:42:29.984000,,118.77,7296571,,
2022-12-30 16:42:30.524000,118.76,,7296684,,42150
2022-12-30 16:42:31.035000,,,7296692,,
2022-12-30 16:42:31.560000,,,7296742,,
2022-12-30 16:42:32.083000,,,,,42151
2022-12-30 16:42:32.628000,,,7296748,,42152
2022-12-30 16:42:33.146000,118.74,118.75,7296901,,42153
2022-12-30 16:42:33.692000,,,7296953,,
2022-12-30 16:42:34.706000,,,7296979,,
2022-12-30 16:42:35.221000,,,7297029,,42154
2022-12-30 16:42:35.739000,,,7297262,,
2022-12-30 16:42:36.276000,118.75,118.77,7297541,,42155
2022-12-30 16:42:36.795000,,,7297542,,
2022-12-30 16:42:38.401000,,,7298382,,42158
2022-12-30 16:42:38.917000,,,7298383,,
2022-12-30 16:42:39.438000,,,7298412,,
2022-12-30 16:42:40.193000,,,7298415,,
2022-12-30 16:42:40.699000,,,7298416,,
2022-12-30 16:42:41.765000,,,,,42161
2022-12-30 16:42:42.312000,,,7298517,,
2022-12-30 16:42:43.330000,,,7298549,,42162
2022-12-30 16:42:43.879000,,,7298650,,
2022-12-30 16:42:44.406000,118.74,118.75,7299896,,42163
2022-12-30 16:42:45.978000,,,7300396,,42165
2022-12-30 16:42:46.502000,118.72,118.74,7302076,,42166
2022-12-30 16:42:47.020000,,,7302237,,
2022-12-30 16:42:47.541000,118.71,118.72,7302370,,42167
2022-12-30 16:42:48.082000,,,7302381,,
2022-12-30 16:42:48.596000,118.72,118.74,7302993,,42168
2022-12-30 16:42:49.654000,,,,,42169
2022-12-30 16:42:50.157000,,,7303289,,42170
2022-12-30 16:42:51.229000,,,7303308,,
2022-12-30 16:42:51.742000,,118.73,,,42171
2022-12-30 16:42:52.269000,,,7303358,,
2022-12-30 16:42:52.775000,118.71,118.72,7303464,,42172
2022-12-30 16:42:53.302000,,,7303474,,
2022-12-30 16:42:53.829000,,118.73,,,42173
2022-12-30 16:42:54.864000,118.7,118.72,7305113,,42174
2022-12-30 16:42:55.396000,,,7305115,,
2022-12-30 16:42:55.938000,,,,,42175
2022-12-30 16:42:56.443000,118.71,118.73,7305313,,42176
2022-12-30 16:42:57.493000,118.73,118.74,7305498,,42177
2022-12-30 16:42:58.510000,118.72,,7305502,,42178
2022-12-30 16:42:59.056000,,118.73,7305503,,
2022-12-30 16:42:59.604000,118.7,118.72,7306010,,42179
2022-12-30 16:43:00.148000,118.68,118.7,7306870,,42180
2022-12-30 16:43:00.663000,118.67,118.69,7306924,,
2022-12-30 16:43:01.178000,,,7307003,,
2022-12-30 16:43:01.684000,,,,,42181
2022-12-30 16:43:03.301000,,,7307011,,42182
2022-12-30 16:43:03.812000,,,,,42183
2022-12-30 16:43:05.395000,,118.68,7307148,,42185
2022-12-30 16:43:05.940000,,,7307227,,
2022-12-30 16:43:06.481000,,118.7,7308115,,42186
2022-12-30 16:43:07.020000,118.68,,7308116,,
2022-12-30 16:43:07.565000,118.67,118.69,7308139,,42187
2022-12-30 16:43:08.615000,,,,,42188
2022-12-30 16:43:09.142000,118.68,,7308141,,42189
2022-12-30 16:43:10.706000,,,7308174,,42190
2022-12-30 16:43:11.230000,118.67,,7308374,,
2022-12-30 16:43:12.287000,,,,,42191
2022-12-30 16:43:12.807000,,118.68,,,42192
2022-12-30 16:43:13.875000,118.66,118.67,7308584,,42193
2022-12-30 16:43:14.390000,118.65,,7308752,,
2022-12-30 16:43:14.900000,,118.66,7308763,,42194
2022-12-30 16:43:15.437000,,,,,42195
2022-12-30 16:43:15.951000,,,7308780,,
2022-12-30 16:43:16.463000,,,,,42196
2022-12-30 16:43:16.977000,,,7308905,,
2022-12-30 16:43:18.554000,,,7308955,,
2022-12-30 16:43:19.636000,,,7309014,,
2022-12-30 16:43:20.166000,,,7310014,,
2022-12-30 16:43:20.676000,,,,,42200
2022-12-30 16:43:21.212000,118.62,118.63,7314944,,42201
2022-12-30 16:43:21.729000,,,7315155,,
2022-12-30 16:43:22.808000,,,7315296,,42202
2022-12-30 16:43:23.310000,,118.64,7315989,,42203
2022-12-30 16:43:23.811000,,,7317010,,
2022-12-30 16:43:24.360000,118.63,118.65,7317135,,
2022-12-30 16:43:24.866000,,,7317165,,42204
2022-12-30 16:43:25.413000,,,,,42205
2022-12-30 16:43:26.460000,,,,,42206
2022-12-30 16:43:27.500000,,,,,42207
2022-12-30 16:43:28.004000,118.64,118.66,7320303,,
2022-12-30 16:43:28.511000,,,7321303,,
2022-12-30 16:43:29.054000,,,7321387,,42208
2022-12-30 16:43:29.563000,118.63,,7321399,,42209
2022-12-30 16:43:30.109000,,,7321460,,
2022-12-30 16:43:30.646000,118.64,,,,42210
2022-12-30 16:43:31.165000,,,7321505,,
2022-12-30 16:43:31.668000,,,7321506,,42211
2022-12-30 16:43:32.731000,,,,,42212
2022-12-30 16:43:33.253000,,,7325606,,
2022-12-30 16:43:33.790000,,,7325656,,
2022-12-30 16:43:34.324000,,,7325707,,42213
2022-12-30 16:43:34.837000,,,7325709,,
2022-12-30 16:43:35.361000,,,7325859,,
2022-12-30 16:43:36.453000,118.59,118.62,7326961,,42216
2022-12-30 16:43:37.485000,,118.6,7326962,,42217
2022-12-30 16:43:37.993000,,,7327086,,
2022-12-30 16:43:38.497000,118.58,118.59,7333205,,42218
2022-12-30 16:43:39.028000,,118.6,7333236,,
2022-12-30 16:43:39.541000,,,7335544,,42219
2022-12-30 16:43:40.073000,,,7335555,,
2022-12-30 16:43:40.609000,,,7335557,,42220
2022-12-30 16:43:41.114000,,,7335852,,
2022-12-30 16:43:42.137000,,,,,42221
2022-12-30 16:43:42.670000,118.6,118.61,7336561,,42222
2022-12-30 16:43:43.205000,,,7336586,,
2022-12-30 16:43:43.728000,118.58,118.6,7336797,,42223
2022-12-30 16:43:44.253000,,,7336822,,42224
2022-12-30 16:43:45.284000,,,7336846,,
2022-12-30 16:43:45.790000,,,7336851,,
2022-12-30 16:43:46.293000,118.59,118.61,7336951,,42226
2022-12-30 16:43:46.816000,,,7336976,,
2022-12-30 16:43:47.342000,,,7336989,,42227
2022-12-30 16:43:47.844000,,,7336990,,
2022-12-30 16:43:48.391000,118.58,118.59,7338563,,
2022-12-30 16:43:48.909000,,,,,42228
2022-12-30 16:43:49.412000,,,7338564,,
2022-12-30 16:43:49.961000,,,7338590,,
2022-12-30 16:43:50.489000,,118.6,,,42230
2022-12-30 16:43:51.025000,,,7338596,,
2022-12-30 16:43:51.552000,118.59,118.61,7338813,,42231
2022-12-30 16:43:52.101000,118.57,118.59,7340057,,
2022-12-30 16:43:52.626000,,118.58,7340163,,42232
2022-12-30 16:43:53.127000,,118.59,,,
2022-12-30 16:43:53.651000,,,7340165,,42233
2022-12-30 16:43:54.168000,118.59,118.6,7340400,,42234
2022-12-30 16:43:55.245000,,,7340401,,42235
2022-12-30 16:43:55.757000,118.57,118.58,7340664,,
2022-12-30 16:43:56.292000,,,7340707,,
2022-12-30 16:43:56.813000,118.58,118.59,7341069,,42236
2022-12-30 16:43:57.358000,,,7341152,,42237
2022-12-30 16:43:57.884000,118.57,,7342319,,
2022-12-30 16:43:58.415000,118.59,118.6,7343328,,42238
2022-12-30 16:43:58.943000,118.58,,7344066,,
2022-12-30 16:43:59.453000,,,7344171,,42239
2022-12-30 16:43:59.962000,118.57,,7344207,,
2022-12-30 16:44:00.471000,118.58,,7344222,,42240
2022-12-30 16:44:01.537000,,,7344223,,42241
2022-12-30 16:44:02.040000,118.59,118.61,7344731,,
2022-12-30 16:44:02.566000,118.6,,7344886,,42242
2022-12-30 16:44:03.084000,,,7344939,,
2022-12-30 16:44:03.631000,118.59,118.62,7345680,,42243
2022-12-30 16:44:04.676000,118.57,118.59,7345911,,42244
2022-12-30 16:44:05.205000,,118.58,7347850,,
2022-12-30 16:44:06.246000,118.58,118.6,7348203,,42245
2022-12-30 16:44:06.761000,118.6,118.61,7348863,,42246
2022-12-30 16:44:07.302000,118.58,118.6,7350283,,42247
2022-12-30 16:44:08.393000,,118.61,7350318,,
2022-12-30 16:44:08.931000,118.57,118.58,7350572,,42248
2022-12-30 16:44:09.443000,118.56,,7357639,,42249
2022-12-30 16:44:09.951000,,,7357731,,
2022-12-30 16:44:10.492000,,118.57,7358455,,42250
2022-12-30 16:44:11.002000,,,7358835,,
2022-12-30 16:44:11.561000,118.55,118.56,7359058,,42251
2022-12-30 16:44:12.064000,,,7359084,,
2022-12-30 16:44:12.625000,,,7359089,,42252
2022-12-30 16:44:13.148000,,,7359132,,
2022-12-30 16:44:13.663000,,118.57,,,42253
2022-12-30 16:44:14.193000,,,7359217,,
2022-12-30 16:44:15.228000,,,7359424,,42254
2022-12-30 16:44:15.761000,,,7359435,,42255
2022-12-30 16:44:16.290000,,,7359547,,
2022-12-30 16:44:16.825000,,,7362757,,42256
2022-12-30 16:44:17.347000,,118.56,,,
2022-12-30 16:44:17.863000,,,7362892,,42257
2022-12-30 16:44:18.390000,,,7362917,,
2022-12-30 16:44:18.896000,,,7363167,,
2022-12-30 16:44:19.398000,,,7367770,,42258
2022-12-30 16:44:19.935000,118.56,118.57,7368281,,42259
2022-12-30 16:44:20.459000,118.55,,7368381,,42260
2022-12-30 16:44:20.961000,,,7368387,,
2022-12-30 16:44:21.488000,,,,,42261
2022-12-30 16:44:22.018000,,,7368452,,
2022-12-30 16:44:22.540000,118.57,118.59,7371139,,42262
2022-12-30 16:44:23.041000,118.56,118.58,7371375,,
2022-12-30 16:44:23.561000,118.58,118.59,7372454,,42263
2022-12-30 16:44:24.103000,118.6,118.61,7373322,,
2022-12-30 16:44:24.613000,118.59,118.6,7376534,,42264
2022-12-30 16:44:25.157000,118.6,118.61,7376563,,
2022-12-30 16:44:25.662000,,,7376663,,
2022-12-30 16:44:26.176000,118.59,118.6,7376785,,42266
2022-12-30 16:44:26.710000,,,7377039,,
2022-12-30 16:44:27.212000,,,7377042,,
2022-12-30 16:44:27.723000,118.58,118.59,7377121,,42267
2022-12-30 16:44:28.229000,,,7377271,,
2022-12-30 16:44:28.739000,118.57,,7377281,,42268
2022-12-30 16:44:29.776000,,,7377287,,
2022-12-30 16:44:30.311000,,,,,42269
2022-12-30 16:44:30.837000,,,7377418,,
2022-12-30 16:44:31.882000,,118.58,7377571,,42271
2022-12-30 16:44:32.385000,,,7377577,,42272
2022-12-30 16:44:32.895000,,118.59,7377677,,
2022-12-30 16:44:33.402000,,118.58,7377710,,42273
2022-12-30 16:44:33.931000,,,7377735,,
2022-12-30 16:44:34.471000,,,7377740,,42274
2022-12-30 16:44:35.000000,118.56,118.57,7378120,,
2022-12-30 16:44:35.517000,118.55,,7378220,,42275
2022-12-30 16:44:36.064000,,,7378394,,
2022-12-30 16:44:36.594000,,118.56,7379684,,42276
2022-12-30 16:44:37.123000,,,7380384,,
2022-12-30 16:44:37.633000,,118.57,7380479,,42277
2022-12-30 16:44:38.701000,,,7380554,,42278
2022-12-30 16:44:39.207000,,,7381051,,
2022-12-30 16:44:39.720000,,,,,42279
2022-12-30 16:44:40.267000,,118.58,7381509,,42280
2022-12-30 16:44:40.802000,118.56,,7381621,,
2022-12-30 16:44:41.364000,,,7381663,,
2022-12-30 16:44:41.900000,,,,,42281
2022-12-30 16:44:42.431000,,,,,42282
2022-12-30 16:44:42.955000,,,7381783,,
2022-12-30 16:44:43.474000,,,,,42283
2022-12-30 16:44:44.547000,118.57,,7381827,,42284
2022-12-30 16:44:45.605000,,,,,42285
2022-12-30 16:44:46.112000,,,7381940,,
2022-12-30 16:44:46.648000,,,7381966,,
2022-12-30 16:44:47.164000,,,7381989,,42286
2022-12-30 16:44:47.666000,,,7382039,,
2022-12-30 16:44:48.190000,,,7382148,,42288
2022-12-30 16:44:48.711000,118.55,118.57,7382767,,
2022-12-30 16:44:49.247000,,,7382806,,42289
2022-12-30 16:44:49.751000,,,7382807,,
2022-12-30 16:44:50.275000,,,7382816,,
2022-12-30 16:44:50.788000,,,7382890,,42290
2022-12-30 16:44:51.333000,,118.56,7384270,,42291
2022-12-30 16:44:51.880000,118.57,118.59,7386624,,
2022-12-30 16:44:52.412000,118.58,,7386666,,
2022-12-30 16:44:52.955000,,,7389666,,42292
2022-12-30 16:44:53.497000,,,7390070,,42293
2022-12-30 16:44:54.015000,,,7390095,,
2022-12-30 16:44:54.563000,,,,,42294
2022-12-30 16:44:55.610000,,,7391726,,
2022-12-30 16:44:56.146000,,,7391727,,42295
2022-12-30 16:44:57.194000,,,,,42296
2022-12-30 16:44:57.696000,,,7391828,,
2022-12-30 16:44:58.205000,,,7392065,,
2022-12-30 16:44:58.720000,,,,,42298
2022-12-30 16:44:59.242000,118.6,118.61,7392880,,
2022-12-30 16:44:59.746000,,,7392881,,
2022-12-30 16:45:00.252000,118.59,,7393007,,42300
2022-12-30 16:45:00.777000,118.58,118.6,7393507,,
2022-12-30 16:45:01.315000,118.59,118.61,7393508,,42301
2022-12-30 16:45:01.855000,118.61,118.63,7395402,,
2022-12-30 16:45:02.384000,118.6,,7395513,,42302
2022-12-30 16:45:02.921000,,,7395514,,
2022-12-30 16:45:03.438000,118.59,118.61,7395542,,42303
2022-12-30 16:45:03.962000,,,7395682,,
2022-12-30 16:45:04.479000,,,7395707,,42304
2022-12-30 16:45:05.030000,,118.6,7395831,,
2022-12-30 16:45:05.540000,118.58,118.59,7396241,,42305
2022-12-30 16:45:06.069000,,118.6,7397357,,
2022-12-30 16:45:06.617000,118.59,,7397360,,42306
2022-12-30 16:45:07.158000,118.58,,,,
2022-12-30 16:45:07.680000,,,7397561,,42307
2022-12-30 16:45:08.734000,,,,,42308
2022-12-30 16:45:09.279000,,118.59,7397823,,42309
2022-12-30 16:45:09.803000,118.57,118.58,7397824,,
2022-12-30 16:45:10.319000,118.55,118.57,7398446,,42310
2022-12-30 16:45:10.825000,,,7398447,,
2022-12-30 16:45:11.331000,,,,,42311
2022-12-30 16:45:11.853000,118.57,118.58,7398554,,
2022-12-30 16:45:12.375000,118.58,118.6,7398574,,42312
2022-12-30 16:45:13.404000,,,7398694,,42313
2022-12-30 16:45:13.949000,,,7398698,,
2022-12-30 16:45:14.464000,,,7399482,,42314
2022-12-30 16:45:14.978000,,,7399483,,
2022-12-30 16:45:15.506000,,,7399484,,
2022-12-30 16:45:16.539000,,118.59,,,42316
2022-12-30 16:45:17.047000,118.59,118.6,,,
2022-12-30 16:45:18.064000,118.58,,7399524,,42317
2022-12-30 16:45:18.591000,,118.59,7399525,,42318
2022-12-30 16:45:19.125000,,,7399644,,
2022-12-30 16:45:20.682000,,,7399649,,
2022-12-30 16:45:22.195000,,,7399664,,42322
2022-12-30 16:45:24.246000,,,7399684,,
2022-12-30 16:45:24.748000,,118.6,7400015,,42324
2022-12-30 16:45:25.283000,,,,,42325
2022-12-30 16:45:25.785000,,118.59,7400183,,
2022-12-30 16:45:26.321000,118.56,118.58,7401143,,42326
2022-12-30 16:45:26.831000,,118.57,7401346,,
2022-12-30 16:45:27.365000,,,7401366,,42327
2022-12-30 16:45:27.872000,,,7401367,,
2022-12-30 16:45:28.396000,118.57,118.59,7401665,,42328
2022-12-30 16:45:28.944000,,,7401765,,
2022-12-30 16:45:29.457000,,,7403300,,42329
2022-12-30 16:45:30.506000,118.58,118.6,,,42330
2022-12-30 16:45:31.011000,,,7403310,,
2022-12-30 16:45:32.049000,118.57,118.59,7403311,,42331
2022-12-30 16:45:32.558000,118.56,,7405166,,42332
2022-12-30 16:45:33.090000,118.57,,7405565,,
2022-12-30 16:45:33.602000,118.56,,7405566,,42333
2022-12-30 16:45:34.108000,118.57,,7405767,,
2022-12-30 16:45:34.615000,118.56,,,,42334
2022-12-30 16:45:35.116000,,118.57,7405833,,
2022-12-30 16:45:35.630000,,,7405857,,42335
2022-12-30 16:45:36.156000,,,7407406,,
2022-12-30 16:45:36.671000,118.55,,7407506,,42336
2022-12-30 16:45:37.193000,118.56,118.58,7407676,,
2022-12-30 16:45:37.741000,118.55,118.57,7407722,,42337
2022-12-30 16:45:38.280000,,,,,42338
2022-12-30 16:45:39.842000,,,7407726,,42339
2022-12-30 16:45:40.387000,,,7407727,,
2022-12-30 16:45:40.936000,,,,,42340
2022-12-30 16:45:41.971000,,,7407961,,
2022-12-30 16:45:42.492000,118.57,118.58,7408056,,42342
2022-12-30 16:45:43.533000,118.58,118.59,7408285,,42343
2022-12-30 16:45:44.060000,,,7408288,,
2022-12-30 16:45:44.573000,,,7408289,,42344
2022-12-30 16:45:45.626000,118.57,,7408406,,42345
2022-12-30 16:45:46.150000,118.55,118.57,7408659,,
2022-12-30 16:45:46.685000,,118.56,7409453,,42346
2022-12-30 16:45:47.194000,,118.58,7409484,,
2022-12-30 16:45:48.265000,118.56,,7412534,,42348
2022-12-30 16:45:48.808000,,,7413534,,
2022-12-30 16:45:49.322000,,,7413557,,
2022-12-30 16:45:49.824000,,,7413558,,42349
2022-12-30 16:45:50.339000,,,7413559,,42350
2022-12-30 16:45:51.372000,118.57,,,,42351
2022-12-30 16:45:51.898000,118.56,,7413859,,
2022-12-30 16:45:52.429000,,118.57,,,42352
2022-12-30 16:45:52.964000,118.55,,7414074,,
2022-12-30 16:45:53.487000,,,7414075,,42353
2022-12-30 16:45:53.991000,,,7414078,,
2022-12-30 16:45:54.502000,118.56,,7414085,,42354
2022-12-30 16:45:55.011000,,,7414416,,
2022-12-30 16:45:55.557000,118.55,,7414594,,42355
2022-12-30 16:45:56.083000,,,7414595,,
2022-12-30 16:45:56.598000,,,7414605,,42356
2022-12-30 16:45:57.100000,,,7414630,,
2022-12-30 16:45:57.613000,,,7414875,,42357
2022-12-30 16:45:58.670000,,,,,42358
2022-12-30 16:45:59.171000,118.56,118.58,7414876,,
2022-12-30 16:45:59.685000,,,,,42359
2022-12-30 16:46:00.186000,,,7415376,,
2022-12-30 16:46:00.692000,118.58,118.6,7416232,,42360
2022-12-30 16:46:01.208000,118.59,,,,42361
2022-12-30 16:46:02.746000,,,7416233,,
2022-12-30 16:46:03.265000,118.57,118.59,7416341,,42363
2022-12-30 16:46:03.781000,,,7416391,,
2022-12-30 16:46:04.301000,,,7416601,,
2022-12-30 16:46:04.830000,,118.58,7416731,,42364
2022-12-30 16:46:05.356000,,118.59,,,
2022-12-30 16:46:05.872000,118.56,118.57,7417098,,42365
2022-12-30 16:46:06.909000,118.55,,7417299,,42366
2022-12-30 16:46:07.988000,,,7417409,,
2022-12-30 16:46:09.054000,,,7417410,,
2022-12-30 16:46:10.658000,118.51,118.52,7421050,,42370
2022-12-30 16:46:11.195000,118.53,118.55,7421070,,42371
2022-12-30 16:46:12.235000,,,7421570,,42372
2022-12-30 16:46:12.752000,,,7421571,,
2022-12-30 16:46:13.280000,,,,,42373
2022-12-30 16:46:13.815000,118.57,118.58,7422240,,
2022-12-30 16:46:14.340000,,,,,42374
2022-12-30 16:46:14.878000,,118.59,7424341,,
2022-12-30 16:46:15.404000,,118.58,7424391,,42375
2022-12-30 16:46:15.937000,,,7424503,,
2022-12-30 16:46:16.989000,,,7424504,,42376
2022-12-30 16:46:17.499000,,,7425504,,42377
2022-12-30 16:46:18.006000,,,7425505,,
2022-12-30 16:46:18.515000,,,,,42378
2022-12-30 16:46:19.040000,,,7425560,,
2022-12-30 16:46:19.544000,118.55,118.57,7425678,,42379
2022-12-30 16:46:20.055000,,118.56,7425702,,
2022-12-30 16:46:20.559000,,,7425726,,42380
2022-12-30 16:46:21.596000,,,7425736,,
2022-12-30 16:46:22.102000,118.57,118.58,7427257,,42381
2022-12-30 16:46:22.650000,118.58,118.59,7427516,,42382
2022-12-30 16:46:23.167000,,,7427768,,
2022-12-30 16:46:23.686000,118.59,118.6,7427910,,42383
2022-12-30 16:46:24.253000,118.6,118.62,7428642,,42384
2022-12-30 16:46:24.759000,118.62,118.63,7428988,,
2022-12-30 16:46:25.320000,118.63,118.64,7428995,,42385
2022-12-30 16:46:26.377000,,,7428996,,
2022-12-30 16:46:26.908000,118.64,118.65,7429718,,42386
2022-12-30 16:46:27.952000,118.62,118.63,7430057,,42387
2022-12-30 16:46:28.471000,,118.64,7430058,,42388
2022-12-30 16:46:28.984000,118.63,118.65,7430060,,
2022-12-30 16:46:29.532000,,118.64,,,
2022-12-30 16:46:30.039000,118.62,,,,42389
2022-12-30 16:46:30.587000,,,7430160,,
2022-12-30 16:46:31.111000,,,7430190,,42390
2022-12-30 16:46:31.629000,,,7430492,,42391
2022-12-30 16:46:32.656000,,,7430557,,
2022-12-30 16:46:33.185000,,,,,42392
2022-12-30 16:46:33.695000,118.6,118.62,7431063,,42393
2022-12-30 16:46:34.309000,,,7431568,,
2022-12-30 16:46:34.861000,118.58,118.61,7431616,,42394
2022-12-30 16:46:35.874000,118.61,118.63,7432183,,42395
2022-12-30 16:46:36.410000,,118.62,7432334,,
2022-12-30 16:46:36.958000,118.59,,7432337,,42396
2022-12-30 16:46:37.491000,,118.61,7432338,,42397
2022-12-30 16:46:38.004000,,118.6,,,
2022-12-30 16:46:38.532000,118.58,,7432641,,42398
2022-12-30 16:46:39.044000,,,7433639,,
2022-12-30 16:46:39.548000,,,7433739,,42399
2022-12-30 16:46:40.605000,118.59,118.61,7433740,,42400
2022-12-30 16:46:41.127000,118.61,118.62,7433742,,
2022-12-30 16:46:41.654000,118.6,,,,42401
2022-12-30 16:46:42.675000,118.62,118.63,,,42402
2022-12-30 16:46:43.199000,,118.64,7433746,,
2022-12-30 16:46:43.733000,,,7433757,,
2022-12-30 16:46:44.754000,,,,,42404
2022-12-30 16:46:45.299000,,,7433857,,42405
2022-12-30 16:46:45.828000,,,7433870,,
2022-12-30 16:46:46.337000,118.64,118.65,7435898,,42406
2022-12-30 16:46:46.863000,,,7436098,,
2022-12-30 16:46:47.377000,118.63,,7436099,,
2022-12-30 16:46:47.914000,118.62,118.63,7436424,,42407
2022-12-30 16:46:48.421000,,118.64,,,42408
2022-12-30 16:46:48.929000,,,7436495,,
2022-12-30 16:46:49.474000,,118.63,7436497,,
2022-12-30 16:46:50.018000,,,7436498,,
2022-12-30 16:46:50.541000,118.63,118.65,7436735,,42410
2022-12-30 16:46:51.602000,,118.64,,,42411
2022-12-30 16:46:52.136000,118.62,,7437135,,
2022-12-30 16:46:52.654000,,,7437399,,
2022-12-30 16:46:53.191000,118.64,118.65,7437702,,42412
2022-12-30 16:46:54.224000,,,7437703,,
2022-12-30 16:46:54.749000,118.66,118.68,7438079,,42414
2022-12-30 16:46:55.259000,118.64,118.66,7438194,,42415
2022-12-30 16:46:55.782000,118.63,,7438254,,
2022-12-30 16:46:56.284000,,,7438404,,42416
2022-12-30 16:46:56.801000,,,7438405,,
2022-12-30 16:46:57.831000,,,,,42417
2022-12-30 16:46:58.340000,,,7438905,,42418
2022-12-30 16:46:58.846000,118.64,,,,
2022-12-30 16:46:59.923000,118.63,118.65,,,42419
2022-12-30 16:47:00.430000,,,7438906,,
2022-12-30 16:47:00.941000,,,7438907,,
2022-12-30 16:47:01.468000,118.64,,7438908,,42420
2022-12-30 16:47:02.016000,,,,,42421
2022-12-30 16:47:02.531000,,118.67,7439147,,42422
2022-12-30 16:47:03.570000,,,7439148,,
2022-12-30 16:47:04.088000,118.65,,7439199,,42423
2022-12-30 16:47:04.602000,,,,,42424
2022-12-30 16:47:05.621000,118.66,,7439201,,42425
2022-12-30 16:47:06.145000,,,7440201,,
2022-12-30 16:47:06.666000,118.67,118.68,7440933,,42426
2022-12-30 16:47:07.185000,,,7440958,,
2022-12-30 16:47:07.695000,,,7441433,,42427
2022-12-30 16:47:08.234000,118.65,118.66,7443635,,
2022-12-30 16:47:08.760000,,118.67,7443735,,42428
2022-12-30 16:47:09.276000,,,7443771,,
2022-12-30 16:47:09.819000,118.62,118.64,7444900,,42429
2022-12-30 16:47:10.361000,118.64,118.66,7445295,,42430
2022-12-30 16:47:10.863000,118.65,118.67,,,
2022-12-30 16:47:11.383000,118.66,,7445474,,42431
2022-12-30 16:47:12.442000,118.64,,,,42432
2022-12-30 16:47:12.968000,,118.66,7445479,,
2022-12-30 16:47:13.492000,,118.67,,,42433
2022-12-30 16:47:14.491000,,,,,42434
2022-12-30 16:47:15.036000,118.65,,7445484,,
2022-12-30 16:47:15.551000,,,7445895,,42435
2022-12-30 16:47:16.065000,118.64,,7446218,,
2022-12-30 16:47:16.576000,,,7446318,,42436
2022-12-30 16:47:17.108000,118.66,118.68,7446319,,
2022-12-30 16:47:17.657000,,,,,42437
2022-12-30 16:47:18.201000,,118.67,7446321,,
2022-12-30 16:47:18.719000,118.64,,7446921,,42438
2022-12-30 16:47:19.226000,118.66,,7446948,,42439
2022-12-30 16:47:19.749000,,,7447137,,
2022-12-30 16:47:20.295000,118.67,118.68,7447256,,
2022-12-30 16:47:20.832000,,,7447656,,42440
2022-12-30 16:47:21.343000,118.66,,7447659,,
2022-12-30 16:47:21.869000,,,7447661,,42441
2022-12-30 16:47:22.370000,118.67,,,,42442
2022-12-30 16:47:23.409000,118.68,118.7,7447990,,42443
2022-12-30 16:47:23.940000,,,7448090,,
2022-12-30 16:47:24.489000,,,7448117,,
2022-12-30 16:47:25.006000,,,7448125,,
2022-12-30 16:47:25.530000,,,,,42445
2022-12-30 16:47:26.043000,118.66,118.68,7448498,,
2022-12-30 16:47:27.083000,118.67,,7451699,,42446
2022-12-30 16:47:27.609000,118.66,,7451735,,42447
2022-12-30 16:47:28.140000,,,7451755,,
2022-12-30 16:47:28.680000,,,,,42448
2022-12-30 16:47:29.201000,,,7451756,,
2022-12-30 16:47:29.720000,,118.67,7451771,,42449
2022-12-30 16:47:30.260000,,,7452271,,
2022-12-30 16:47:30.790000,118.67,118.68,7452278,,42450
2022-12-30 16:47:31.321000,118.66,,,,
2022-12-30 16:47:32.383000,,,,,42451
2022-12-30 16:47:33.448000,,118.67,7452471,,42453
2022-12-30 16:47:33.982000,118.67,118.68,7453284,,
2022-12-30 16:47:34.484000,,,7453685,,42454
2022-12-30 16:47:35.013000,,,7453746,,
2022-12-30 16:47:35.521000,,,7453772,,
2022-12-30 16:47:36.022000,118.66,,7453972,,42455
2022-12-30 16:47:36.541000,,,7453977,,42456
2022-12-30 16:47:37.556000,,,7453980,,
2022-12-30 16:47:38.069000,,,7454087,,42457
2022-12-30 16:47:38.611000,118.67,,,,42458
2022-12-30 16:47:39.137000,,,7454152,,
2022-12-30 16:47:39.644000,,,7454573,,
2022-12-30 16:47:40.171000,,,7454574,,
2022-12-30 16:47:40.692000,,,7454589,,
2022-12-30 16:47:41.195000,,118.69,7454790,,42460
2022-12-30 16:47:41.737000,,,,,42461
2022-12-30 16:47:42.255000,,,,,42462
2022-12-30 16:47:42.776000,,,7454799,,
2022-12-30 16:47:43.278000,,118.68,7456126,,42463
2022-12-30 16:47:43.788000,118.62,118.65,7457239,,
2022-12-30 16:47:44.324000,,118.64,,,42464
2022-12-30 16:47:45.375000,,,7457739,,
2022-12-30 16:47:46.419000,,,,,42465
2022-12-30 16:47:47.476000,,,7457744,,42467
2022-12-30 16:47:47.989000,,,7457747,,
2022-12-30 16:47:48.492000,,,7457748,,42468
2022-12-30 16:47:49.042000,,118.63,7457752,,
2022-12-30 16:47:50.091000,,,7457753,,
2022-12-30 16:47:50.604000,,,,,42470
2022-12-30 16:47:51.138000,,,7457754,,
2022-12-30 16:47:52.176000,,,7458162,,42471
2022-12-30 16:47:52.696000,,,7458227,,42472
2022-12-30 16:47:53.734000,,,7459733,,42473
2022-12-30 16:47:54.769000,,,,,42474
2022-12-30 16:47:55.297000,118.61,118.62,7461108,,
2022-12-30 16:47:55.798000,,,7461109,,
2022-12-30 16:47:56.314000,118.62,118.64,7461397,,42476
2022-12-30 16:47:56.833000,,,7461597,,
2022-12-30 16:47:57.344000,,118.65,7461599,,42477
2022-12-30 16:47:57.852000,118.64,,7461607,,
2022-12-30 16:47:58.401000,118.67,118.69,7462028,,42478
2022-12-30 16:47:59.450000,,118.68,7462078,,
2022-12-30 16:47:59.997000,,118.69,7462104,,42479
2022-12-30 16:48:00.520000,,,,,42480
2022-12-30 16:48:01.052000,,,7462324,,
2022-12-30 16:48:01.567000,,,7462334,,42481
2022-12-30 16:48:02.085000,,,7463945,,
2022-12-30 16:48:02.622000,118.7,118.72,7465227,,42482
2022-12-30 16:48:03.143000,,,7465594,,
2022-12-30 16:48:03.644000,118.71,118.73,7466315,,42483
2022-12-30 16:48:04.166000,118.7,118.72,7466815,,
2022-12-30 16:48:04.680000,118.71,,,,42484
2022-12-30 16:48:05.223000,,,7466823,,42485
2022-12-30 16:48:05.770000,,,7466845,,
2022-12-30 16:48:06.790000,,118.73,7466860,,42486
2022-12-30 16:48:07.293000,,118.72,7467142,,
2022-12-30 16:48:07.822000,,118.73,7467442,,42487
2022-12-30 16:48:08.347000,,,7467443,,42488
2022-12-30 16:48:09.410000,,,7467444,,
2022-12-30 16:48:11.469000,,,7467751,,42490
2022-12-30 16:48:12.017000,118.69,118.71,7468313,,42491
2022-12-30 16:48:12.527000,,,,,42492
2022-12-30 16:48:13.053000,118.7,118.72,7468321,,
2022-12-30 16:48:13.573000,118.69,118.71,7468531,,42493
2022-12-30 16:48:14.074000,,,7469038,,
2022-12-30 16:48:14.578000,,,7469046,,42494
2022-12-30 16:48:15.111000,118.7,118.72,7469048,,
2022-12-30 16:48:15.656000,,,7469098,,42495
2022-12-30 16:48:16.172000,,,7469204,,
2022-12-30 16:48:16.689000,,,,,42496
2022-12-30 16:48:17.212000,,,7469205,,
2022-12-30 16:48:18.248000,,,,,42498
2022-12-30 16:48:18.772000,,,7469345,,
2022-12-30 16:48:19.292000,118.68,118.7,7470425,,42499
2022-12-30 16:48:19.797000,,,7470426,,
2022-12-30 16:48:20.302000,,118.71,7470428,,42500
2022-12-30 16:48:20.806000,118.69,,7470431,,
2022-12-30 16:48:21.855000,,118.7,7470457,,42501
2022-12-30 16:48:22.915000,,,,,42502
2022-12-30 16:48:23.436000,,,7470467,,
2022-12-30 16:48:23.949000,118.7,118.72,7470470,,42503
2022-12-30 16:48:24.480000,118.71,,7470522,,42504
2022-12-30 16:48:26.037000,,,7470722,,
2022-12-30 16:48:26.578000,,,7470755,,
2022-12-30 16:48:27.125000,,,7470756,,42506
2022-12-30 16:48:27.648000,,,7470758,,42507
2022-12-30 16:48:28.193000,,,7470760,,
2022-12-30 16:48:28.697000,,,7470761,,
2022-12-30 16:48:29.219000,,,,,42508
2022-12-30 16:48:29.740000,,,7472714,,
2022-12-30 16:48:30.289000,,,7472718,,
2022-12-30 16:48:30.790000,,,,,42510
2022-12-30 16:48:32.377000,118.7,118.71,7474346,,42512
2022-12-30 16:48:32.929000,,,7474523,,
2022-12-30 16:48:33.472000,,,7474543,,
2022-12-30 16:48:34.561000,118.68,118.7,7478558,,42514
2022-12-30 16:48:35.101000,,,7479558,,
2022-12-30 16:48:35.630000,118.67,118.69,7479771,,42515
2022-12-30 16:48:36.681000,,,,,42516
2022-12-30 16:48:37.722000,,,,,42517
2022-12-30 16:48:38.245000,118.68,118.7,7480191,,42518
2022-12-30 16:48:38.793000,,,7480195,,
2022-12-30 16:48:39.329000,,,7480202,,
2022-12-30 16:48:40.377000,,,7480204,,
2022-12-30 16:48:40.914000,,,7480234,,
2022-12-30 16:48:41.419000,118.7,118.72,7480864,,42520
2022-12-30 16:48:41.944000,,,7481365,,42521
2022-12-30 16:48:42.462000,118.71,118.73,7481566,,42522
2022-12-30 16:48:42.980000,,,7481622,,
2022-12-30 16:48:43.490000,118.72,,7481735,,
2022-12-30 16:48:44.014000,,,7481736,,
2022-12-30 16:48:44.546000,,118.74,7482240,,42524
2022-12-30 16:48:45.086000,118.75,118.76,7483188,,
2022-12-30 16:48:45.621000,118.72,118.75,7483308,,42525
2022-12-30 16:48:46.123000,118.73,,,,
2022-12-30 16:48:46.643000,,,,,42526
2022-12-30 16:48:47.169000,118.71,118.73,7487320,,
2022-12-30 16:48:47.700000,118.72,118.74,7488622,,42527
2022-12-30 16:48:48.235000,118.7,118.73,7488642,,42528
2022-12-30 16:48:48.742000,118.69,118.71,7488643,,
2022-12-30 16:48:49.247000,118.68,118.7,7488681,,42529
2022-12-30 16:48:49.793000,118.7,118.72,7489183,,
2022-12-30 16:48:50.314000,,,7489185,,
2022-12-30 16:48:50.823000,,,7489486,,42530
2022-12-30 16:48:51.345000,,118.71,,,42531
2022-12-30 16:48:51.882000,118.69,,7489487,,
2022-12-30 16:48:52.397000,118.7,118.72,7489618,,42532
2022-12-30 16:48:52.922000,118.71,118.74,7489673,,
2022-12-30 16:48:53.962000,,,7489973,,
2022-12-30 16:48:54.495000,118.72,118.73,7490113,,42534
2022-12-30 16:48:55.043000,118.7,,7490683,,
2022-12-30 16:48:55.563000,118.71,,7490693,,42535
2022-12-30 16:48:56.071000,,,7491193,,
2022-12-30 16:48:56.581000,,,,,42536
2022-12-30 16:48:57.088000,,,7491537,,
2022-12-30 16:48:57.606000,,,7492042,,
2022-12-30 16:48:58.119000,,,7492050,,
2022-12-30 16:48:58.634000,118.69,118.72,7492060,,42538
2022-12-30 16:48:59.136000,118.7,,,,
2022-12-30 16:48:59.639000,,,7492062,,
2022-12-30 16:49:00.180000,118.69,,7492662,,42539
2022-12-30 16:49:00.728000,,,,,42540
2022-12-30 16:49:01.251000,118.68,118.69,7493455,,42541
2022-12-30 16:49:02.295000,,,7493456,,42542
2022-12-30 16:49:02.799000,118.67,,7493467,,
2022-12-30 16:49:03.310000,,,7493617,,42543
2022-12-30 16:49:03.819000,118.68,118.7,7493992,,
2022-12-30 16:49:04.324000,,,7494024,,42544
2022-12-30 16:49:04.837000,118.67,118.69,,,
2022-12-30 16:49:05.363000,,,,,42545
2022-12-30 16:49:05.872000,118.68,118.7,,,
2022-12-30 16:49:06.404000,,,7494028,,42546
2022-12-30 16:49:06.908000,,118.69,7494031,,
2022-12-30 16:49:07.411000,,118.7,7494041,,42547
2022-12-30 16:49:07.958000,,118.69,,,
2022-12-30 16:49:08.481000,,118.7,7494043,,
2022-12-30 16:49:08.988000,,,,,42548
2022-12-30 16:49:09.516000,118.65,118.66,7497353,,42549
2022-12-30 16:49:10.582000,,,7498446,,42550
2022-12-30 16:49:11.104000,,,7498500,,
2022-12-30 16:49:11.643000,,,7498504,,
2022-12-30 16:49:12.176000,,,7498636,,
2022-12-30 16:49:12.677000,,,7498749,,
2022-12-30 16:49:14.228000,,,7498752,,
2022-12-30 16:49:15.318000,,,7498843,,
2022-12-30 16:49:16.357000,,,7498895,,42556
2022-12-30 16:49:17.421000,,,7499398,,42557
2022-12-30 16:49:18.003000,,,7499408,,
2022-12-30 16:49:18.511000,,,7499467,,42558
2022-12-30 16:49:19.550000,,,7499510,,
2022-12-30 16:49:20.076000,,,7499924,,
2022-12-30 16:49:20.609000,,,7501624,,42560
2022-12-30 16:49:21.120000,,,7502330,,
2022-12-30 16:49:21.649000,,,7502363,,42561
2022-12-30 16:49:22.177000,,,7502373,,
2022-12-30 16:49:22.691000,,,7502973,,
2022-12-30 16:49:23.769000,118.64,118.65,7505288,,42563
2022-12-30 16:49:24.287000,,,7505296,,
2022-12-30 16:49:24.805000,,,7505311,,
2022-12-30 16:49:25.837000,,,7505341,,
2022-12-30 16:49:26.360000,,,7505344,,
2022-12-30 16:49:26.896000,,,7505444,,
2022-12-30 16:49:28.421000,,,7505485,,42567
2022-12-30 16:49:28.958000,,,7505680,,
2022-12-30 16:49:29.485000,118.65,118.66,7505789,,42569
2022-12-30 16:49:30.525000,,,7505840,,
2022-12-30 16:49:31.035000,118.64,118.65,7506845,,42570
2022-12-30 16:49:31.563000,,,7507118,,42571
2022-12-30 16:49:32.108000,118.6,118.62,7510695,,
2022-12-30 16:49:32.613000,,,7510696,,
2022-12-30 16:49:33.135000,118.61,118.63,7510902,,42572
2022-12-30 16:49:34.173000,118.6,118.62,,,42573
2022-12-30 16:49:34.688000,,,7510968,,42574
2022-12-30 16:49:35.772000,118.59,,7514765,,42575
2022-12-30 16:49:36.290000,,,7514772,,
2022-12-30 16:49:37.325000,,,7514799,,
2022-12-30 16:49:37.841000,,,7514857,,42577
2022-12-30 16:49:38.361000,,,7514858,,42578
2022-12-30 16:49:38.878000,,,7514861,,
2022-12-30 16:49:39.424000,,,7514963,,42579
2022-12-30 16:49:39.966000,,,7514965,,
2022-12-30 16:49:40.492000,,,7514966,,42580
2022-12-30 16:49:41.018000,,,7515032,,
2022-12-30 16:49:41.533000,118.6,,7517732,,42581
2022-12-30 16:49:42.616000,,,7517733,,
2022-12-30 16:49:43.682000,,,7518117,,
2022-12-30 16:49:44.199000,,,,,42583
2022-12-30 16:49:44.716000,,,7518627,,42584
2022-12-30 16:49:45.780000,,,7518659,,
2022-12-30 16:49:46.839000,,,7518709,,
2022-12-30 16:49:47.341000,,,7518757,,
2022-12-30 16:49:48.430000,,,7518831,,
2022-12-30 16:49:48.968000,118.57,118.59,7519355,,42588
2022-12-30 16:49:49.514000,118.59,118.6,7519580,,42589
2022-12-30 16:49:50.022000,118.58,118.61,7520612,,
2022-12-30 16:49:50.555000,,118.6,7520620,,42590
2022-12-30 16:49:51.066000,,,7520621,,
2022-12-30 16:49:51.604000,,118.61,7520622,,
2022-12-30 16:49:52.133000,,118.6,7524847,,42591
2022-12-30 16:49:52.655000,,,7524848,,42592
2022-12-30 16:49:53.195000,,,7524851,,
2022-12-30 16:49:54.257000,,,,,42593
2022-12-30 16:49:54.766000,,,7524984,,42594
2022-12-30 16:49:55.296000,,,7524990,,
2022-12-30 16:49:55.805000,,,7524994,,
2022-12-30 16:49:56.341000,,118.61,7525263,,42595
2022-12-30 16:49:56.889000,,118.6,,,42596
2022-12-30 16:49:57.391000,,118.61,7525308,,
2022-12-30 16:49:57.910000,,,7525358,,
2022-12-30 16:49:58.433000,,118.6,7525384,,42597
2022-12-30 16:49:58.968000,,118.61,7525526,,42598
2022-12-30 16:49:59.513000,,,,,42599
2022-12-30 16:50:00.037000,,,7525527,,
2022-12-30 16:50:00.585000,,,7525582,,42600
2022-12-30 16:50:01.101000,118.59,,7525741,,
2022-12-30 16:50:01.622000,,,7525744,,42601
2022-12-30 16:50:02.666000,,,7525772,,
2022-12-30 16:50:03.215000,,118.6,7526227,,42602
2022-12-30 16:50:03.725000,118.58,,7526427,,42603
2022-12-30 16:50:04.257000,,,7526439,,
2022-12-30 16:50:04.780000,118.55,118.56,7527857,,42604
2022-12-30 16:50:05.308000,,,7527867,,
2022-12-30 16:50:05.827000,,,7527872,,
2022-12-30 16:50:06.351000,118.54,118.55,7532039,,42606
2022-12-30 16:50:07.402000,118.52,118.54,7534368,,42607
2022-12-30 16:50:07.906000,,,7534372,,
2022-12-30 16:50:08.430000,118.53,118.55,7534834,,42608
2022-12-30 16:50:08.939000,118.52,,7534935,,
2022-12-30 16:50:09.444000,118.53,118.56,,,42609
2022-12-30 16:50:09.977000,118.54,,7535970,,
2022-12-30 16:50:10.478000,118.55,,7536155,,42610
2022-12-30 16:50:11.020000,118.52,118.55,7540778,,
2022-12-30 16:50:11.568000,118.53,,,,42611
2022-12-30 16:50:12.089000,118.54,,7540850,,
2022-12-30 16:50:12.605000,,,7541080,,42612
2022-12-30 16:50:13.115000,,,7541099,,
2022-12-30 16:50:13.616000,,,7541137,,42613
2022-12-30 16:50:14.136000,118.55,118.57,7542114,,
2022-12-30 16:50:14.670000,118.56,118.59,7542134,,42614
2022-12-30 16:50:15.172000,,,7542135,,
2022-12-30 16:50:15.716000,118.55,118.58,,,42615
2022-12-30 16:50:16.749000,118.56,,,,42616
2022-12-30 16:50:17.270000,118.55,118.57,7542199,,42617
2022-12-30 16:50:17.806000,118.56,118.58,,,
2022-12-30 16:50:18.336000,,,,,42618
2022-12-30 16:50:18.882000,,,7542203,,
2022-12-30 16:50:19.932000,,,,,42619
2022-12-30 16:50:20.448000,,,7542646,,42620
2022-12-30 16:50:20.952000,118.58,118.59,7543281,,
2022-12-30 16:50:21.453000,,,7543301,,
2022-12-30 16:50:21.995000,,,7543320,,42621
2022-12-30 16:50:22.538000,118.55,118.57,7544462,,42622
2022-12-30 16:50:23.081000,,,7544463,,
2022-12-30 16:50:23.614000,,,7544464,,
2022-12-30 16:50:24.120000,,,7544465,,
2022-12-30 16:50:24.622000,,,,,42624
2022-12-30 16:50:25.632000,,,7544573,,42625
2022-12-30 16:50:26.155000,,118.58,7544605,,
2022-12-30 16:50:26.672000,118.56,118.57,7544740,,42626
2022-12-30 16:50:27.207000,118.55,,7545040,,
2022-12-30 16:50:27.713000,,,7545185,,42627
2022-12-30 16:50:28.219000,,118.56,,,
2022-12-30 16:50:28.734000,,118.58,7545347,,42628
2022-12-30 16:50:29.283000,,118.57,7545362,,
2022-12-30 16:50:29.800000,,,,,42629
2022-12-30 16:50:30.348000,,,7545461,,
2022-12-30 16:50:30.881000,,,,,42630
2022-12-30 16:50:31.387000,,,7545473,,
2022-12-30 16:50:31.898000,,,,,42631
2022-12-30 16:50:32.424000,,118.56,7545693,,42632
2022-12-30 16:50:34.030000,,118.57,7545757,,42633
2022-12-30 16:50:35.098000,,,,,42634
2022-12-30 16:50:35.636000,,118.56,,,42635
2022-12-30 16:50:36.143000,,,7545759,,
2022-12-30 16:50:37.170000,,,7549255,,42636
2022-12-30 16:50:37.725000,,,,,42637
2022-12-30 16:50:38.230000,,,7549425,,
2022-12-30 16:50:38.764000,,,7549475,,
2022-12-30 16:50:39.281000,,118.57,7549608,,42639
2022-12-30 16:50:39.830000,118.56,,7549855,,
2022-12-30 16:50:40.378000,,,7550404,,
2022-12-30 16:50:40.892000,118.57,118.59,7553033,,42640
2022-12-30 16:50:41.404000,118.56,118.58,7553710,,42641
2022-12-30 16:50:41.930000,,118.57,7553711,,
2022-12-30 16:50:42.445000,,118.58,7553876,,
2022-12-30 16:50:42.968000,,,7553912,,42642
2022-12-30 16:50:43.497000,,,7553958,,42643
2022-12-30 16:50:44.005000,118.57,118.59,7554139,,
2022-12-30 16:50:44.533000,118.55,118.56,7554270,,42644
2022-12-30 16:50:45.070000,,,7555271,,
2022-12-30 16:50:45.581000,,118.57,7555388,,42645
2022-12-30 16:50:46.115000,,,7555488,,
2022-12-30 16:50:46.642000,,,7555654,,42646
2022-12-30 16:50:47.219000,,118.56,7555656,,
2022-12-30 16:50:47.755000,,,7557128,,42647
2022-12-30 16:50:48.301000,,,7557185,,42648
2022-12-30 16:50:48.828000,,,7557199,,
2022-12-30 16:50:49.341000,,,7557201,,
2022-12-30 16:50:49.860000,,,7557205,,
2022-12-30 16:50:50.884000,,,7557337,,
2022-12-30 16:50:51.420000,,,7557338,,
2022-12-30 16:50:51.949000,118.54,,7559820,,42651
2022-12-30 16:50:52.988000,118.56,118.58,7560507,,42652
2022-12-30 16:50:53.494000,,,7560792,,
2022-12-30 16:50:54.008000,,,7560892,,42653
2022-12-30 16:50:55.076000,,,7560934,,42654
2022-12-30 16:50:55.603000,,,7560950,,42655
2022-12-30 16:50:56.108000,,118.57,,,
2022-12-30 16:50:56.614000,,,7560951,,
2022-12-30 16:50:57.650000,,118.58,7561534,,42657
2022-12-30 16:50:58.734000,,118.57,7561537,,42658
2022-12-30 16:50:59.802000,,,7561669,,
2022-12-30 16:51:00.327000,,,,,42660
2022-12-30 16:51:01.883000,,,7561804,,
2022-12-30 16:51:02.430000,118.55,118.56,7563109,,42662
2022-12-30 16:51:03.484000,,,7563110,,42663
2022-12-30 16:51:04.031000,,,7563179,,
2022-12-30 16:51:04.554000,118.54,118.55,7565291,,42664
2022-12-30 16:51:05.596000,,,,,42665
2022-12-30 16:51:06.131000,,,7565323,,
2022-12-30 16:51:06.661000,118.56,118.57,7566889,,42666
2022-12-30 16:51:07.166000,118.57,118.59,7567326,,
2022-12-30 16:51:07.693000,,,,,42667
2022-12-30 16:51:08.206000,,,7567378,,
2022-12-30 16:51:08.714000,118.56,,7567383,,42668
2022-12-30 16:51:09.259000,,118.58,7567433,,
2022-12-30 16:51:09.772000,,118.59,,,42669
2022-12-30 16:51:10.281000,,118.58,7567528,,42670
2022-12-30 16:51:10.820000,,,7567529,,
2022-12-30 16:51:11.347000,,,7567530,,
2022-12-30 16:51:11.859000,,,7567533,,
2022-12-30 16:51:12.394000,,,7568253,,42672
2022-12-30 16:51:12.919000,118.55,118.57,7568265,,
2022-12-30 16:51:13.426000,,118.58,7568316,,42673
2022-12-30 16:51:14.480000,,118.57,7568418,,42674
2022-12-30 16:51:15.019000,,118.58,,,
2022-12-30 16:51:15.527000,,118.57,,,
2022-12-30 16:51:16.065000,,,7568448,,42675
2022-12-30 16:51:16.608000,,118.58,,,42676
2022-12-30 16:51:17.123000,,,7568465,,
2022-12-30 16:51:17.646000,,,,,42677
2022-12-30 16:51:18.167000,,,7569051,,
2022-12-30 16:51:18.694000,118.56,,7569063,,42678
2022-12-30 16:51:19.211000,,,7569064,,
2022-12-30 16:51:19.720000,,,7569315,,
2022-12-30 16:51:20.225000,,,,,42679
2022-12-30 16:51:20.730000,118.57,118.59,7569619,,42680
2022-12-30 16:51:21.279000,118.59,118.6,7569811,,42681
2022-12-30 16:51:21.788000,118.6,118.61,7569991,,
2022-12-30 16:51:22.335000,,,7569992,,
2022-12-30 16:51:22.845000,,,7569993,,42682
2022-12-30 16:51:23.391000,118.57,118.59,7570297,,
2022-12-30 16:51:23.933000,,,7570325,,42683
2022-12-30 16:51:24.999000,,118.6,7570425,,42684
2022-12-30 16:51:25.507000,,118.59,7570926,,42685
2022-12-30 16:51:26.032000,118.58,,7570928,,
2022-12-30 16:51:26.573000,118.57,,7570983,,42686
2022-12-30 16:51:27.608000,,,7570984,,42687
2022-12-30 16:51:28.118000,118.55,118.58,7571202,,
2022-12-30 16:51:28.622000,118.57,118.59,7571438,,42688
2022-12-30 16:51:29.657000,118.58,,,,42689
2022-12-30 16:51:30.687000,,,7571538,,
2022-12-30 16:51:31.191000,,,7571563,,
2022-12-30 16:51:31.728000,,,7571610,,
2022-12-30 16:51:32.263000,,,,,42691
2022-12-30 16:51:32.786000,118.6,118.61,7571806,,42692
2022-12-30 16:51:33.293000,,,7571807,,42693
2022-12-30 16:51:33.839000,118.61,118.62,7571888,,
2022-12-30 16:51:34.371000,,,,,42694
2022-12-30 16:51:34.896000,118.6,118.61,7571989,,
2022-12-30 16:51:35.425000,118.59,118.6,7572041,,
2022-12-30 16:51:35.930000,,,7572141,,42695
2022-12-30 16:51:36.449000,,,7572153,,
2022-12-30 16:51:36.973000,118.58,,7573094,,42696
2022-12-30 16:51:37.475000,118.57,118.58,7574350,,42697
2022-12-30 16:51:38.024000,,118.59,7574921,,
2022-12-30 16:51:38.534000,,,7575527,,42698
2022-12-30 16:51:39.039000,,,7575590,,
2022-12-30 16:51:40.078000,,,7575593,,
2022-12-30 16:51:40.593000,,,7575594,,
2022-12-30 16:51:41.120000,,,7576042,,
2022-12-30 16:51:41.628000,,,7576051,,42701
2022-12-30 16:51:42.162000,,,7576052,,
2022-12-30 16:51:42.709000,,,7576452,,
2022-12-30 16:51:44.314000,,,7576603,,42704
2022-12-30 16:51:44.859000,,,7578459,,
2022-12-30 16:51:45.373000,,,7578952,,
2022-12-30 16:51:45.899000,118.58,,7579891,,42705
2022-12-30 16:51:46.960000,118.57,118.58,7580960,,42706
2022-12-30 16:51:47.504000,,,,,42707
2022-12-30 16:51:48.017000,,,7581161,,
2022-12-30 16:51:48.525000,,,7581546,,42708
2022-12-30 16:51:49.031000,,,7581671,,
2022-12-30 16:51:49.559000,,118.59,7582110,,42709
2022-12-30 16:51:50.075000,,,7582111,,
2022-12-30 16:51:50.603000,,118.58,7582233,,42710
2022-12-30 16:51:51.663000,,,7583133,,42711
2022-12-30 16:51:52.177000,,,7583301,,
2022-12-30 16:51:52.710000,,,7583401,,42712
2022-12-30 16:51:53.746000,,,,,42713
2022-12-30 16:51:54.266000,118.56,,7583402,,
2022-12-30 16:51:54.808000,,,7583443,,42714
2022-12-30 16:51:55.316000,,,7583461,,42715
2022-12-30 16:51:56.338000,,,7583463,,
2022-12-30 16:51:57.388000,118.55,,7583571,,42717
2022-12-30 16:51:57.915000,,118.57,7583980,,
2022-12-30 16:51:58.438000,,118.56,7583995,,
2022-12-30 16:51:59.498000,,,7583998,,42718
2022-12-30 16:52:00.016000,,,7584003,,
2022-12-30 16:52:00.534000,,,7584004,,42719
2022-12-30 16:52:01.056000,,,7586607,,42720
2022-12-30 16:52:01.578000,,,,,42721
2022-12-30 16:52:02.094000,,,7586608,,
2022-12-30 16:52:02.628000,,,7586615,,42722
2022-12-30 16:52:03.175000,118.53,118.54,7589710,,
2022-12-30 16:52:03.701000,118.52,118.53,7589810,,42723
2022-12-30 16:52:04.771000,118.53,118.54,7590176,,42724
2022-12-30 16:52:05.282000,118.54,118.56,7590418,,
2022-12-30 16:52:05.802000,118.55,,7593419,,42725
2022-12-30 16:52:06.851000,118.56,118.58,7595311,,42726
2022-12-30 16:52:07.370000,118.55,,7595712,,42727
2022-12-30 16:52:07.883000,118.56,,7595719,,
2022-12-30 16:52:08.414000,,,7595771,,
2022-12-30 16:52:08.939000,,118.59,7596019,,42728
2022-12-30 16:52:09.453000,,118.58,7596039,,42729
2022-12-30 16:52:10.482000,,,,,42730
2022-12-30 16:52:10.983000,118.54,118.55,7600974,,
2022-12-30 16:52:11.487000,,118.56,7600977,,42731
2022-12-30 16:52:12.015000,,118.55,7600980,,
2022-12-30 16:52:12.535000,,,7601006,,42732
2022-12-30 16:52:13.041000,,,7601142,,
2022-12-30 16:52:13.545000,,,7601241,,42733
2022-12-30 16:52:14.053000,,118.56,7602311,,
2022-12-30 16:52:14.581000,,118.55,7603821,,42734
2022-12-30 16:52:16.155000,,,7604165,,42735
2022-12-30 16:52:16.685000,,,7604265,,
2022-12-30 16:52:17.234000,118.52,118.54,7605102,,42736
2022-12-30 16:52:17.748000,,,7606096,,42737
2022-12-30 16:52:18.253000,,118.55,7606297,,
2022-12-30 16:52:18.763000,118.53,,7606298,,42738
2022-12-30 16:52:19.274000,118.55,118.56,7608565,,42739
2022-12-30 16:52:19.823000,,,7608762,,
2022-12-30 16:52:20.335000,,,7608767,,42740
2022-12-30 16:52:20.860000,,,7608798,,
2022-12-30 16:52:21.370000,,,7608799,,
2022-12-30 16:52:21.876000,,,7608824,,42741
2022-12-30 16:52:22.400000,,,,,42742
2022-12-30 16:52:22.940000,,,7608954,,
2022-12-30 16:52:23.953000,,,7608984,,
2022-12-30 16:52:24.471000,,,7609641,,42744
2022-12-30 16:52:24.993000,,,7609838,,
2022-12-30 16:52:26.022000,,,7609971,,
2022-12-30 16:52:26.543000,118.58,118.59,7611586,,42746
2022-12-30 16:52:27.060000,,,7611620,,
2022-12-30 16:52:27.593000,,,7611954,,
2022-12-30 16:52:28.105000,,,7612454,,
2022-12-30 16:52:28.616000,,,7612518,,42748
2022-12-30 16:52:29.699000,118.56,118.58,7612554,,42749
2022-12-30 16:52:30.206000,,118.57,7612555,,42750
2022-12-30 16:52:30.722000,,118.58,,,
2022-12-30 16:52:31.238000,,,7612600,,
2022-12-30 16:52:31.745000,,,7612615,,
2022-12-30 16:52:32.257000,,118.57,7613415,,42752
2022-12-30 16:52:32.804000,,,7613493,,
2022-12-30 16:52:33.826000,118.53,118.55,7614079,,42753
2022-12-30 16:52:34.359000,118.52,,,,
2022-12-30 16:52:34.896000,,,7614118,,42754
2022-12-30 16:52:35.400000,118.55,118.57,7615616,,42755
2022-12-30 16:52:35.905000,,,7615617,,
2022-12-30 16:52:36.412000,,,7615869,,42756
2022-12-30 16:52:36.913000,,,7615896,,
2022-12-30 16:52:37.438000,,,7615901,,
2022-12-30 16:52:37.953000,,,7615974,,42757
2022-12-30 16:52:39.005000,,,7616055,,
2022-12-30 16:52:39.539000,,,,,42758
2022-12-30 16:52:40.574000,118.57,118.58,7616339,,42760
2022-12-30 16:52:41.080000,,,7616345,,
2022-12-30 16:52:41.601000,118.55,118.57,7616572,,42761
2022-12-30 16:52:42.142000,,,7618475,,
2022-12-30 16:52:43.218000,,,7619122,,42762
2022-12-30 16:52:43.753000,,,7619123,,42763
2022-12-30 16:52:44.262000,,,7619175,,
2022-12-30 16:52:44.788000,,,7619280,,
2022-12-30 16:52:45.301000,,,7619314,,
2022-12-30 16:52:45.849000,,,7619414,,42765
2022-12-30 16:52:46.357000,,,7619454,,
2022-12-30 16:52:46.860000,,,7620521,,42766
2022-12-30 16:52:47.394000,,118.56,7620837,,42767
2022-12-30 16:52:48.935000,,,7620878,,
2022-12-30 16:52:49.466000,,,7620879,,
2022-12-30 16:52:49.983000,,,7620880,,42769
2022-12-30 16:52:50.508000,118.56,118.57,7621001,,
2022-12-30 16:52:51.037000,,,7621266,,42770
2022-12-30 16:52:51.545000,118.55,118.56,7623149,,42771
2022-12-30 16:52:52.571000,,118.57,7623150,,42772
2022-12-30 16:52:53.644000,118.53,118.55,7624961,,42773
2022-12-30 16:52:54.162000,,,7624962,,
2022-12-30 16:52:54.665000,,,7624967,,
2022-12-30 16:52:55.722000,,,7624997,,42775
2022-12-30 16:52:56.268000,,,7624998,,
2022-12-30 16:52:56.778000,,,,,42776
2022-12-30 16:52:57.283000,,,7625124,,
2022-12-30 16:52:57.829000,,,7625131,,42777
2022-12-30 16:52:58.333000,118.54,,7625164,,42778
2022-12-30 16:52:58.880000,,,7625462,,
2022-12-30 16:52:59.894000,118.53,,7625610,,42779
2022-12-30 16:53:00.921000,,,7625710,,
2022-12-30 16:53:01.469000,,,7625737,,42781
2022-12-30 16:53:01.973000,,,7625738,,
2022-12-30 16:53:02.477000,,,7628981,,42782
2022-12-30 16:53:02.982000,,,7629021,,
2022-12-30 16:53:03.493000,,,7629121,,
2022-12-30 16:53:04.012000,118.54,118.56,7631616,,42783
2022-12-30 16:53:05.049000,118.53,118.55,,,42784
2022-12-30 16:53:05.583000,,118.56,7631653,,42785
2022-12-30 16:53:06.626000,,,7631668,,42786
2022-12-30 16:53:07.143000,,,7631791,,
2022-12-30 16:53:07.664000,,118.55,7632028,,42787
2022-12-30 16:53:08.210000,,,7632073,,
2022-12-30 16:53:08.749000,,,7632078,,
2022-12-30 16:53:09.788000,,,,,42789
2022-12-30 16:53:10.875000,,,7632178,,42790
2022-12-30 16:53:12.396000,,,7632179,,
2022-12-30 16:53:13.476000,,,,,42792
2022-12-30 16:53:13.989000,,,,,42793
2022-12-30 16:53:14.511000,,,7632230,,42794
2022-12-30 16:53:15.026000,,,7632323,,
2022-12-30 16:53:15.574000,118.56,118.57,7633301,,42795
2022-12-30 16:53:16.091000,,118.58,,,
2022-12-30 16:53:16.623000,,,,,42796
2022-12-30 16:53:17.147000,118.58,118.59,7633845,,
2022-12-30 16:53:17.657000,,,7633945,,
2022-12-30 16:53:18.166000,,,7633946,,42797
2022-12-30 16:53:18.679000,118.6,118.62,7634507,,42798
2022-12-30 16:53:19.760000,,,7635007,,42799
2022-12-30 16:53:20.269000,118.61,,7636517,,
2022-12-30 16:53:20.801000,118.6,,7636826,,42800
2022-12-30 16:53:21.348000,,,7638026,,
2022-12-30 16:53:21.855000,118.59,,,,42801
2022-12-30 16:53:22.368000,,,7638091,,
2022-12-30 16:53:22.872000,118.6,,7638544,,42802
2022-12-30 16:53:23.379000,118.59,118.61,7638646,,42803
2022-12-30 16:53:23.947000,,,7638658,,
2022-12-30 16:53:24.493000,118.6,,7638659,,42804
2022-12-30 16:53:25.014000,118.61,118.62,7638816,,
2022-12-30 16:53:25.548000,118.6,,,,42805
2022-12-30 16:53:26.073000,118.61,,7639060,,
2022-12-30 16:53:27.113000,118.59,118.61,7639261,,42806
2022-12-30 16:53:27.639000,,,7639488,,
2022-12-30 16:53:28.151000,,118.6,7639489,,42807
2022-12-30 16:53:28.654000,118.57,118.59,7639721,,42808
2022-12-30 16:53:29.169000,,,7639832,,
2022-12-30 16:53:29.688000,,118.58,,,42809
2022-12-30 16:53:31.785000,,,7640182,,42811
2022-12-30 16:53:32.311000,,,7642051,,
2022-12-30 16:53:32.856000,,,,,42812
2022-12-30 16:53:33.915000,,,7642101,,42813
2022-12-30 16:53:34.945000,118.56,,7642305,,42814
2022-12-30 16:53:36.043000,118.57,,7642324,,42815
2022-12-30 16:53:36.585000,118.59,118.61,7642697,,42816
2022-12-30 16:53:37.133000,,,7643047,,
2022-12-30 16:53:37.666000,,,7643142,,
2022-12-30 16:53:38.205000,,,,,42817
2022-12-30 16:53:38.752000,118.57,118.59,7643816,,42818
2022-12-30 16:53:39.256000,,,7643822,,
2022-12-30 16:53:39.767000,,,7643823,,42819
2022-12-30 16:53:40.306000,118.59,118.61,7643828,,42820
2022-12-30 16:53:41.320000,,,7643944,,42821
2022-12-30 16:53:41.846000,,,7644112,,
2022-12-30 16:53:42.381000,118.6,,7644352,,42822
2022-12-30 16:53:42.895000,118.59,,7644353,,
2022-12-30 16:53:43.415000,,,7644358,,42823
2022-12-30 16:53:43.931000,,118.6,7644363,,
2022-12-30 16:53:44.443000,118.58,,7644378,,42824
2022-12-30 16:53:44.991000,118.57,118.59,7644478,,
2022-12-30 16:53:45.538000,,,7644515,,42825
2022-12-30 16:53:46.579000,118.58,,7644518,,42826
2022-12-30 16:53:47.082000,118.57,,,,
2022-12-30 16:53:47.583000,,,7644519,,42827
2022-12-30 16:53:49.140000,,,,,42829
2022-12-30 16:53:50.222000,,,7644804,,
2022-12-30 16:53:50.786000,,,,,42830
2022-12-30 16:53:51.314000,,118.58,7644807,,42831
2022-12-30 16:53:51.826000,118.56,118.57,7645318,,
2022-12-30 16:53:52.377000,,,7645778,,
2022-12-30 16:53:52.895000,,,,,42832
2022-12-30 16:53:53.408000,,,7645782,,42833
2022-12-30 16:53:53.930000,,,7645783,,
2022-12-30 16:53:54.474000,118.57,118.59,7646342,,42834
2022-12-30 16:53:54.984000,,,7646442,,
2022-12-30 16:53:56.032000,,118.58,,,42835
2022-12-30 16:53:56.555000,,,,,42836
2022-12-30 16:53:57.057000,118.56,,7647700,,
2022-12-30 16:53:57.575000,,118.57,,,42837
2022-12-30 16:53:58.122000,,118.58,7647701,,
2022-12-30 16:53:58.627000,118.58,118.6,7647776,,42838
2022-12-30 16:53:59.145000,118.57,,,,
2022-12-30 16:53:59.646000,118.58,,7647836,,42839
2022-12-30 16:54:00.152000,118.59,118.61,,,42840
2022-12-30 16:54:00.689000,,,7647843,,
2022-12-30 16:54:01.727000,,,,,42841
2022-12-30 16:54:02.259000,,,7648344,,42842
2022-12-30 16:54:03.279000,,,7648545,,
2022-12-30 16:54:03.786000,,,,,42843
2022-12-30 16:54:04.311000,118.56,118.58,7648793,,42844
2022-12-30 16:54:04.859000,,,7648854,,
2022-12-30 16:54:05.377000,,,7648875,,42845
2022-12-30 16:54:05.880000,,,7648975,,
2022-12-30 16:54:06.412000,,,7648976,,
2022-12-30 16:54:06.929000,,,7648987,,
2022-12-30 16:54:07.431000,,,7649008,,
2022-12-30 16:54:07.949000,,,7649009,,
2022-12-30 16:54:08.471000,,118.57,,,42848
2022-12-30 16:54:08.990000,,,7649110,,
2022-12-30 16:54:09.506000,,,,,42849
2022-12-30 16:54:10.534000,118.57,118.59,7649637,,42850
2022-12-30 16:54:11.573000,118.58,118.6,7649677,,42851
2022-12-30 16:54:12.088000,,,7649678,,
2022-12-30 16:54:12.603000,,,7649683,,42852
2022-12-30 16:54:13.134000,,,7649688,,
2022-12-30 16:54:13.642000,118.59,118.61,7649766,,42853
2022-12-30 16:54:14.184000,,,7649792,,
2022-12-30 16:54:14.717000,,,,,42854
2022-12-30 16:54:15.259000,,,7650453,,
2022-12-30 16:54:15.811000,118.58,118.6,7651131,,42855
2022-12-30 16:54:16.316000,,,7651155,,42856
2022-12-30 16:54:16.853000,118.59,,7651255,,
2022-12-30 16:54:17.394000,,,,,42857
2022-12-30 16:54:17.920000,,,7651256,,
2022-12-30 16:54:18.433000,,,,,42858
2022-12-30 16:54:18.955000,,,7651273,,
2022-12-30 16:54:19.994000,,,,,42859
2022-12-30 16:54:20.513000,,,,,42860
2022-12-30 16:54:21.030000,,,7651274,,
2022-12-30 16:54:21.568000,,,7651279,,
2022-12-30 16:54:22.089000,,,7651504,,
2022-12-30 16:54:23.107000,,,7651505,,
2022-12-30 16:54:23.617000,,,7651540,,42863
2022-12-30 16:54:24.120000,118.58,118.59,7652269,,
2022-12-30 16:54:24.654000,,,7652271,,42864
2022-12-30 16:54:25.691000,,,7652321,,42865
2022-12-30 16:54:26.199000,118.57,118.58,7652661,,
2022-12-30 16:54:26.742000,,,7652662,,
2022-12-30 16:54:27.800000,118.58,118.59,7652834,,42867
2022-12-30 16:54:28.305000,118.59,118.61,7653016,,
2022-12-30 16:54:28.806000,118.58,118.6,7653116,,42868
2022-12-30 16:54:29.314000,118.57,118.59,7653177,,42869
2022-12-30 16:54:29.821000,,,7653179,,
2022-12-30 16:54:30.351000,,,7653181,,
2022-12-30 16:54:30.863000,118.58,118.6,,,42870
2022-12-30 16:54:31.389000,,,7653466,,42871
2022-12-30 16:54:31.929000,,,7653468,,
2022-12-30 16:54:32.455000,,,7653571,,
2022-12-30 16:54:32.981000,,,7653573,,42872
2022-12-30 16:54:34.033000,118.59,118.61,7653809,,42873
2022-12-30 16:54:35.096000,,,7653810,,42875
2022-12-30 16:54:35.622000,118.6,,7653811,,
2022-12-30 16:54:36.658000,,,,,42876
2022-12-30 16:54:37.725000,118.58,118.6,7653913,,42877
2022-12-30 16:54:38.758000,118.57,,7653914,,42878
2022-12-30 16:54:39.298000,,118.59,7653925,,
2022-12-30 16:54:40.339000,,118.58,7654374,,42880
2022-12-30 16:54:40.861000,118.58,118.59,7654554,,
2022-12-30 16:54:41.384000,,118.6,,,42881
2022-12-30 16:54:41.889000,,118.59,7654563,,
2022-12-30 16:54:43.437000,118.57,118.58,7655272,,42883
2022-12-30 16:54:44.484000,118.58,118.6,7655280,,
2022-12-30 16:54:45.008000,,118.59,,,42884
2022-12-30 16:54:45.548000,,,,,42885
2022-12-30 16:54:46.114000,,,7655286,,
2022-12-30 16:54:46.647000,,118.6,,,42886
2022-12-30 16:54:47.174000,,118.59,7655300,,42887
2022-12-30 16:54:48.191000,,,7655303,,42888
2022-12-30 16:54:48.729000,,,7655603,,
2022-12-30 16:54:49.766000,118.57,118.58,7655847,,42889
2022-12-30 16:54:50.315000,,,7655968,,
2022-12-30 16:54:50.829000,,,7655969,,
2022-12-30 16:54:51.376000,,,7655971,,42891
2022-12-30 16:54:51.896000,118.58,118.59,7656242,,
2022-12-30 16:54:52.441000,118.57,,7656243,,42892
2022-12-30 16:54:53.481000,118.58,,,,42893
2022-12-30 16:54:54.520000,118.59,118.61,7656415,,42894
2022-12-30 16:54:55.042000,,,7656565,,
2022-12-30 16:54:55.574000,,,7656566,,42895
2022-12-30 16:54:56.105000,118.6,,7656602,,
2022-12-30 16:54:56.611000,,,7656722,,42896
2022-12-30 16:54:57.140000,118.59,,,,
2022-12-30 16:54:57.662000,,118.6,7656725,,42897
2022-12-30 16:54:58.173000,,118.61,,,
2022-12-30 16:54:58.678000,,,,,42898
2022-12-30 16:54:59.199000,,118.6,7656726,,
2022-12-30 16:54:59.717000,118.57,118.58,7656831,,42899
2022-12-30 16:55:00.239000,,,7657023,,42900
2022-12-30 16:55:00.758000,,,7657033,,
2022-12-30 16:55:01.291000,118.58,118.59,7657467,,42901
2022-12-30 16:55:02.318000,118.59,118.6,7657871,,42902
2022-12-30 16:55:02.837000,118.58,,7657876,,
2022-12-30 16:55:03.350000,118.57,118.59,,,42903
2022-12-30 16:55:04.389000,,,,,42904
2022-12-30 16:55:05.445000,118.6,118.61,7658086,,42905
2022-12-30 16:55:05.948000,,,7658187,,
2022-12-30 16:55:06.475000,,,7658190,,42906
2022-12-30 16:55:06.984000,118.59,,7658268,,
2022-12-30 16:55:07.517000,118.57,118.59,7658426,,42907
2022-12-30 16:55:08.040000,118.58,118.6,7659259,,
2022-12-30 16:55:08.542000,,,,,42908
2022-12-30 16:55:09.051000,118.6,118.61,7659383,,
2022-12-30 16:55:10.087000,118.59,,7659384,,42910
2022-12-30 16:55:10.606000,,,7659385,,
2022-12-30 16:55:11.116000,,,7659405,,
2022-12-30 16:55:11.630000,,,7659446,,42911
2022-12-30 16:55:12.170000,,,7659500,,
2022-12-30 16:55:12.700000,,,,,42912
2022-12-30 16:55:13.730000,,118.6,,,42913
2022-12-30 16:55:14.253000,118.6,118.61,7660005,,
2022-12-30 16:55:14.771000,118.59,,7660013,,42914
2022-12-30 16:55:15.277000,118.58,118.6,7660016,,
2022-12-30 16:55:16.822000,,118.61,7660026,,42916
2022-12-30 16:55:17.341000,,118.6,,,42917
2022-12-30 16:55:17.859000,118.59,118.61,7660075,,
2022-12-30 16:55:18.368000,118.6,,7660580,,42918
2022-12-30 16:55:18.872000,118.57,118.59,7661100,,
2022-12-30 16:55:19.397000,,,7661191,,42919
2022-12-30 16:55:19.920000,118.58,118.6,7661192,,
2022-12-30 16:55:20.972000,,,7661193,,
2022-12-30 16:55:21.502000,118.59,118.61,7661197,,42921
2022-12-30 16:55:22.004000,118.57,118.59,7661432,,
2022-12-30 16:55:22.532000,,,7661507,,42922
2022-12-30 16:55:23.057000,,,7661508,,
2022-12-30 16:55:23.585000,,,7661608,,
2022-12-30 16:55:24.105000,,118.58,7662148,,42923
2022-12-30 16:55:24.621000,,,7662157,,42924
2022-12-30 16:55:25.131000,,,,,42925
2022-12-30 16:55:26.186000,,,7662159,,
2022-12-30 16:55:26.700000,,,,,42926
2022-12-30 16:55:27.201000,,,7665103,,42927
2022-12-30 16:55:27.707000,,,7665214,,
2022-12-30 16:55:29.226000,118.56,118.57,7665553,,42928
2022-12-30 16:55:29.733000,,,7665853,,42929
2022-12-30 16:55:30.235000,,,7665854,,
2022-12-30 16:55:30.745000,,,7665881,,42930
2022-12-30 16:55:31.818000,,,7665882,,
2022-12-30 16:55:32.360000,,,,,42931
2022-12-30 16:55:32.873000,,,7667038,,42932
2022-12-30 16:55:33.419000,,,7667088,,
2022-12-30 16:55:33.961000,,,7667517,,42933
2022-12-30 16:55:34.468000,,,7667619,,
2022-12-30 16:55:35.000000,,,7667621,,
2022-12-30 16:55:35.516000,118.55,118.56,7670737,,42935
2022-12-30 16:55:36.041000,118.54,,7673237,,
2022-12-30 16:55:36.551000,,118.55,7673238,,42936
2022-12-30 16:55:37.105000,,,7676546,,42937
2022-12-30 16:55:37.616000,,118.56,7676560,,
2022-12-30 16:55:38.145000,,118.55,7676562,,
2022-12-30 16:55:38.672000,,,7676589,,42938
2022-12-30 16:55:39.744000,118.53,,7678270,,42939
2022-12-30 16:55:40.269000,,,7678898,,42940
2022-12-30 16:55:40.791000,,,7679098,,
2022-12-30 16:55:41.308000,,118.54,7679553,,
2022-12-30 16:55:41.819000,118.52,118.53,7680414,,42941
2022-12-30 16:55:42.367000,118.51,,7682530,,42942
2022-12-30 16:55:42.895000,,118.52,7682534,,
2022-12-30 16:55:43.434000,,,7682934,,
2022-12-30 16:55:43.954000,,118.53,7682959,,42943
2022-12-30 16:55:44.471000,,,,,42944
2022-12-30 16:55:45.007000,,,7683059,,
2022-12-30 16:55:45.529000,,,7683159,,42945
2022-12-30 16:55:46.592000,118.52,118.54,7683168,,42946
2022-12-30 16:55:47.102000,,,7683468,,42947
2022-12-30 16:55:47.608000,,,7683490,,
2022-12-30 16:55:48.134000,,,,,42948
2022-12-30 16:55:49.140000,,,7683497,,42949
2022-12-30 16:55:49.654000,,118.53,7684498,,
2022-12-30 16:55:50.168000,118.51,,7684741,,42950
2022-12-30 16:55:51.777000,,118.52,7684783,,42951
2022-12-30 16:55:52.315000,,118.53,7684805,,
2022-12-30 16:55:52.840000,,,7684887,,
2022-12-30 16:55:53.367000,,118.52,7685313,,42952
2022-12-30 16:55:53.876000,,,7685353,,42953
2022-12-30 16:55:54.388000,,118.53,7685486,,42954
2022-12-30 16:55:54.908000,,118.52,,,
2022-12-30 16:55:55.961000,,,7685839,,42955
2022-12-30 16:55:57.019000,,,7686468,,42956
2022-12-30 16:55:57.521000,,,7686568,,42957
2022-12-30 16:55:58.063000,,118.53,7686715,,
2022-12-30 16:55:58.582000,,,,,42958
2022-12-30 16:55:59.091000,,118.52,7686717,,
2022-12-30 16:55:59.620000,,,7686718,,
2022-12-30 16:56:00.143000,,,7687327,,42960
2022-12-30 16:56:01.154000,,,7687567,,
2022-12-30 16:56:01.657000,,,7687568,,
2022-12-30 16:56:02.162000,,,,,42962
2022-12-30 16:56:03.221000,118.53,118.55,7689160,,42963
2022-12-30 16:56:03.729000,,,7689161,,
2022-12-30 16:56:04.256000,,,7689257,,
2022-12-30 16:56:04.759000,,,7689382,,42964
2022-12-30 16:56:06.347000,,,,,42966
2022-12-30 16:56:06.892000,118.54,,7689446,,
2022-12-30 16:56:07.414000,118.51,118.53,7689603,,42967
2022-12-30 16:56:08.456000,,,,,42968
2022-12-30 16:56:08.986000,,118.52,,,
2022-12-30 16:56:09.517000,,,7689605,,
2022-12-30 16:56:10.049000,,,,,42969
2022-12-30 16:56:10.561000,118.5,118.51,7701203,,42970
2022-12-30 16:56:11.106000,,118.52,7702131,,
2022-12-30 16:56:11.628000,,,7704193,,42971
2022-12-30 16:56:12.663000,,,7704201,,42972
2022-12-30 16:56:13.212000,,118.51,7706642,,
2022-12-30 16:56:13.743000,,118.52,7706829,,42973
2022-12-30 16:56:14.289000,,,7706929,,
2022-12-30 16:56:14.828000,,,,,42974
2022-12-30 16:56:16.403000,,,7706930,,42976
2022-12-30 16:56:17.425000,,,7706932,,
2022-12-30 16:56:17.950000,,118.51,,,42977
2022-12-30 16:56:18.977000,,,7706933,,
2022-12-30 16:56:19.488000,,,7707481,,42979
2022-12-30 16:56:20.011000,,,7707482,,
2022-12-30 16:56:21.076000,,,7707483,,
2022-12-30 16:56:21.616000,,,7708084,,42981
2022-12-30 16:56:22.682000,118.55,118.56,7710947,,42982
2022-12-30 16:56:23.190000,118.56,118.57,7711047,,42983
2022-12-30 16:56:23.724000,,,7711729,,
2022-12-30 16:56:24.235000,,,7711730,,
2022-12-30 16:56:25.792000,118.57,118.58,7712350,,42985
2022-12-30 16:56:26.301000,,,7712502,,42986
2022-12-30 16:56:26.838000,,,7712631,,
2022-12-30 16:56:27.366000,,,7712836,,
2022-12-30 16:56:27.874000,,,7712937,,42987
2022-12-30 16:56:28.376000,,,7712938,,
2022-12-30 16:56:28.884000,,,7715815,,42988
2022-12-30 16:56:29.400000,118.58,118.59,7716253,,42989
2022-12-30 16:56:29.924000,,118.6,7716333,,
2022-12-30 16:56:30.433000,,,7716588,,42990
2022-12-30 16:56:30.976000,,118.59,7716603,,
2022-12-30 16:56:31.489000,,,,,42991
2022-12-30 16:56:31.995000,,,7716604,,
2022-12-30 16:56:32.501000,,,7717105,,
2022-12-30 16:56:33.033000,,118.6,7717106,,42992
2022-12-30 16:56:33.559000,,118.59,7717624,,42993
2022-12-30 16:56:34.097000,,118.6,7718897,,
2022-12-30 16:56:34.605000,,118.59,7718940,,
2022-12-30 16:56:35.119000,118.59,118.6,7719443,,42994
2022-12-30 16:56:35.637000,,,7719473,,42995
2022-12-30 16:56:36.178000,,,,,42996
2022-12-30 16:56:36.685000,118.61,118.62,7719775,,
2022-12-30 16:56:37.187000,118.62,118.63,7719878,,42997
2022-12-30 16:56:37.697000,,118.64,7719958,,
2022-12-30 16:56:38.208000,,118.63,7719959,,
2022-12-30 16:56:38.730000,118.57,118.59,7731833,,42998
2022-12-30 16:56:39.254000,118.58,118.6,7732092,,42999
2022-12-30 16:56:40.314000,,,7732392,,
2022-12-30 16:56:40.821000,,,7732427,,43000
2022-12-30 16:56:41.353000,118.59,118.61,7733885,,
2022-12-30 16:56:42.387000,,118.62,7737110,,43001
2022-12-30 16:56:42.915000,,118.61,7738064,,43002
2022-12-30 16:56:43.464000,118.61,118.62,7738075,,43003
2022-12-30 16:56:43.981000,118.57,118.59,7746251,,
2022-12-30 16:56:44.520000,118.6,118.62,7746351,,43004
2022-12-30 16:56:45.067000,,,7746981,,
2022-12-30 16:56:45.569000,,,,,43005
2022-12-30 16:56:46.111000,118.63,118.65,7749262,,
2022-12-30 16:56:46.632000,,,7749264,,43006
2022-12-30 16:56:47.154000,,,7749464,,
2022-12-30 16:56:47.690000,,,7749699,,43007
2022-12-30 16:56:48.199000,118.65,118.67,7749922,,
2022-12-30 16:56:48.713000,118.64,,7749932,,43008
2022-12-30 16:56:49.217000,,,7750444,,
2022-12-30 16:56:49.742000,,118.66,7751844,,43009
2022-12-30 16:56:50.252000,,118.67,7752178,,
2022-12-30 16:56:50.764000,118.65,,7752278,,43010
2022-12-30 16:56:51.290000,,,7752388,,
2022-12-30 16:56:51.818000,,118.66,7753482,,43011
2022-12-30 16:56:52.329000,,,7753670,,43012
2022-12-30 16:56:52.841000,,,7754470,,
2022-12-30 16:56:53.411000,,,7754621,,
2022-12-30 16:56:53.933000,118.66,118.67,7754725,,43013
2022-12-30 16:56:54.468000,,118.68,7754980,,43014
2022-12-30 16:56:54.972000,,118.67,,,
2022-12-30 16:56:55.508000,118.65,,7755701,,43015
2022-12-30 16:56:56.548000,,,,,43016
2022-12-30 16:56:57.068000,,,7755751,,
2022-12-30 16:56:57.587000,,,7755752,,43017
2022-12-30 16:56:58.099000,,118.66,7757176,,
2022-12-30 16:56:58.628000,,118.67,7757203,,43018
2022-12-30 16:56:59.174000,,,7757309,,
2022-12-30 16:56:59.716000,,,7757335,,
2022-12-30 16:57:00.252000,,,,,43020
2022-12-30 16:57:00.781000,,,7757450,,
2022-12-30 16:57:01.290000,118.67,118.69,7758516,,43021
2022-12-30 16:57:01.852000,,,7758517,,
2022-12-30 16:57:02.398000,,,7758524,,43022
2022-12-30 16:57:02.936000,,,7758559,,
2022-12-30 16:57:03.445000,,,7758859,,43023
2022-12-30 16:57:03.971000,118.7,118.72,7762889,,
2022-12-30 16:57:04.475000,118.69,118.71,7762989,,43024
2022-12-30 16:57:05.543000,118.66,118.67,7764578,,43025
2022-12-30 16:57:06.071000,118.65,118.66,7764693,,
2022-12-30 16:57:06.575000,,,7765196,,43026
2022-12-30 16:57:07.622000,118.66,118.68,7765322,,43027
2022-12-30 16:57:08.657000,,,7765347,,43028
2022-12-30 16:57:09.160000,,,7765647,,
2022-12-30 16:57:09.689000,,,,,43029
2022-12-30 16:57:10.233000,,,7765649,,
2022-12-30 16:57:10.766000,,,7765849,,43030
2022-12-30 16:57:11.288000,,,7765916,,
2022-12-30 16:57:11.797000,,,,,43031
2022-12-30 16:57:12.302000,118.68,118.7,7766129,,43032
2022-12-30 16:57:12.812000,,,7766130,,
2022-12-30 16:57:13.315000,118.69,118.71,,,
2022-12-30 16:57:13.832000,118.71,118.72,7766663,,43033
2022-12-30 16:57:14.376000,,,7766793,,43034
2022-12-30 16:57:14.888000,,,7808194,,
2022-12-30 16:57:15.392000,118.72,118.73,7808596,,43035
2022-12-30 16:57:15.931000,118.73,118.75,7809297,,
2022-12-30 16:57:16.433000,,,7810177,,43036
2022-12-30 16:57:17.481000,,,7810632,,43037
2022-12-30 16:57:17.984000,118.71,118.72,7811275,,
2022-12-30 16:57:18.510000,,,7811335,,
2022-12-30 16:57:19.051000,,118.74,7811341,,43038
2022-12-30 16:57:19.609000,118.72,,,,43039
2022-12-30 16:57:20.156000,118.73,118.75,7813784,,43040
2022-12-30 16:57:20.686000,118.72,,,,
2022-12-30 16:57:21.222000,,,7813914,,
2022-12-30 16:57:21.740000,118.71,118.73,7814646,,43041
2022-12-30 16:57:22.274000,,,7814847,,
2022-12-30 16:57:22.798000,,118.74,7814947,,43042
2022-12-30 16:57:23.334000,,,7814987,,
2022-12-30 16:57:23.840000,,118.73,7815249,,43043
2022-12-30 16:57:24.369000,118.7,,,,43044
2022-12-30 16:57:24.892000,118.68,118.7,7815299,,
2022-12-30 16:57:25.470000,,,7815300,,43045
2022-12-30 16:57:25.982000,,,7815304,,
2022-12-30 16:57:26.483000,,118.69,7816565,,43046
2022-12-30 16:57:27.023000,118.69,118.7,7817604,,
2022-12-30 16:57:27.537000,,,7817680,,
2022-12-30 16:57:28.051000,118.68,118.71,7817849,,43047
2022-12-30 16:57:28.572000,,,7817890,,43048
2022-12-30 16:57:29.081000,118.7,,7818000,,
2022-12-30 16:57:29.607000,118.69,,7818103,,43049
2022-12-30 16:57:30.112000,,,7818238,,
2022-12-30 16:57:30.626000,,,,,43050
2022-12-30 16:57:31.132000,118.68,118.7,7819860,,43051
2022-12-30 16:57:32.745000,,,,,43052
2022-12-30 16:57:33.786000,,118.69,7819913,,43053
2022-12-30 16:57:34.306000,,,7821231,,43054
2022-12-30 16:57:34.814000,,,7821277,,
2022-12-30 16:57:35.357000,118.66,,7821606,,43055
2022-12-30 16:57:35.864000,,118.68,7821608,,
2022-12-30 16:57:36.376000,,,7821622,,
2022-12-30 16:57:36.898000,118.67,118.69,7821632,,43056
2022-12-30 16:57:37.436000,,,7821715,,43057
2022-12-30 16:57:37.939000,118.68,118.7,7821716,,
2022-12-30 16:57:38.446000,,,,,43058
2022-12-30 16:57:38.974000,118.67,118.69,7821816,,
2022-12-30 16:57:39.488000,,,,,43059
2022-12-30 16:57:40.504000,118.68,,7821867,,43060
2022-12-30 16:57:41.016000,118.67,,,,
2022-12-30 16:57:41.535000,,,,,43061
2022-12-30 16:57:42.068000,,,7821868,,
2022-12-30 16:57:42.591000,,,,,43062
2022-12-30 16:57:43.629000,118.68,118.71,7822160,,43063
2022-12-30 16:57:44.141000,118.67,118.69,7822288,,43064
2022-12-30 16:57:45.179000,,,7822888,,43065
2022-12-30 16:57:45.704000,,118.68,7822938,,
2022-12-30 16:57:46.250000,,118.69,7823388,,43066
2022-12-30 16:57:46.774000,,118.7,,,
2022-12-30 16:57:47.283000,,118.69,7823419,,
2022-12-30 16:57:47.801000,118.66,118.68,7825225,,43067
2022-12-30 16:57:48.303000,,,7825227,,43068
2022-12-30 16:57:48.820000,118.67,118.69,7825233,,
2022-12-30 16:57:49.335000,118.66,118.68,,,43069
2022-12-30 16:57:49.851000,118.67,118.69,7825374,,
2022-12-30 16:57:50.394000,,,7825905,,43070
2022-12-30 16:57:50.903000,,,7825947,,
2022-12-30 16:57:51.420000,,,7825991,,
2022-12-30 16:57:51.941000,,,7825995,,
2022-12-30 16:57:52.476000,,,,,43072
2022-12-30 16:57:53.530000,,,7825997,,
2022-12-30 16:57:54.054000,118.68,118.7,7826125,,43073
2022-12-30 16:57:54.559000,118.67,118.69,7826126,,43074
2022-12-30 16:57:55.072000,118.66,,7827329,,
2022-12-30 16:57:55.588000,,118.68,,,43075
2022-12-30 16:57:56.104000,118.67,118.69,7827341,,
2022-12-30 16:57:56.633000,,,7827346,,43076
2022-12-30 16:57:57.162000,118.68,118.7,7827408,,43077
2022-12-30 16:57:57.673000,,,7827747,,
2022-12-30 16:57:58.180000,,,,,43078
2022-12-30 16:57:58.700000,118.67,118.69,,,
2022-12-30 16:57:59.726000,,,7827749,,43079
2022-12-30 16:58:00.244000,,,7828398,,43080
2022-12-30 16:58:00.773000,118.7,118.73,7829007,,
2022-12-30 16:58:01.795000,,,7829008,,43081
2022-12-30 16:58:02.314000,118.71,,,,
2022-12-30 16:58:02.857000,,,7829528,,43082
2022-12-30 16:58:03.365000,,,7829529,,43083
2022-12-30 16:58:03.880000,,,7829654,,
2022-12-30 16:58:04.399000,,,7830058,,
2022-12-30 16:58:04.942000,118.7,,,,43084
2022-12-30 16:58:05.487000,,,7831632,,43085
2022-12-30 16:58:05.999000,,,7831677,,
2022-12-30 16:58:06.510000,,,7831777,,43086
2022-12-30 16:58:07.035000,118.71,,,,
2022-12-30 16:58:07.544000,118.7,,,,43087
2022-12-30 16:58:08.075000,,118.72,7831809,,
2022-12-30 16:58:08.581000,,118.71,,,43088
2022-12-30 16:58:09.120000,,118.72,7832040,,
2022-12-30 16:58:09.647000,,,7832290,,43089
2022-12-30 16:58:10.683000,,,,,43090
2022-12-30 16:58:11.220000,,,7832318,,
2022-12-30 16:58:11.733000,,,7832619,,43091
2022-12-30 16:58:12.260000,,118.73,7832628,,43092
2022-12-30 16:58:13.294000,118.71,,,,43093
2022-12-30 16:58:13.801000,,,7832680,,
2022-12-30 16:58:14.312000,,,7832724,,43094
2022-12-30 16:58:14.817000,,,7832735,,
2022-12-30 16:58:15.324000,,,7832742,,
2022-12-30 16:58:16.371000,,,7832744,,43096
2022-12-30 16:58:16.908000,,,7832760,,
2022-12-30 16:58:17.447000,,,7832810,,
2022-12-30 16:58:17.975000,,,7833617,,43097
2022-12-30 16:58:18.483000,,,7833619,,43098
2022-12-30 16:58:19.016000,,,7833629,,
2022-12-30 16:58:20.063000,,118.72,7833783,,43099
2022-12-30 16:58:20.583000,,,,,43100
2022-12-30 16:58:21.125000,,,7833789,,
2022-12-30 16:58:21.629000,118.72,118.73,7834410,,43101
2022-12-30 16:58:22.148000,118.71,,,,
2022-12-30 16:58:23.185000,,,7834510,,43102
2022-12-30 16:58:23.689000,,,7834516,,
2022-12-30 16:58:24.209000,118.73,118.74,7835229,,43104
2022-12-30 16:58:24.743000,118.72,,7835254,,
2022-12-30 16:58:25.799000,,,7835292,,43105
2022-12-30 16:58:26.320000,,,7835293,,
2022-12-30 16:58:26.841000,,,7835593,,43106
2022-12-30 16:58:27.373000,,,7835594,,
2022-12-30 16:58:27.913000,118.75,118.77,7836130,,43107
2022-12-30 16:58:28.431000,,,7836181,,43108
2022-12-30 16:58:28.947000,,,7836506,,
2022-12-30 16:58:29.483000,,,7836641,,43109
2022-12-30 16:58:30.071000,118.76,118.78,7837779,,
2022-12-30 16:58:30.572000,118.75,118.77,7837830,,43110
2022-12-30 16:58:31.108000,,,7837890,,
2022-12-30 16:58:31.647000,,,7837977,,
2022-12-30 16:58:32.196000,118.76,118.78,7838827,,43112
2022-12-30 16:58:32.702000,,118.77,7838880,,
2022-12-30 16:58:33.203000,,,,,43113
2022-12-30 16:58:33.724000,118.77,118.78,7842600,,
2022-12-30 16:58:34.815000,,,,,43114
2022-12-30 16:58:35.352000,,,7854159,,43115
2022-12-30 16:58:36.392000,,,7854409,,
2022-12-30 16:58:37.969000,,,7854439,,43117
2022-12-30 16:58:39.010000,,,7854445,,
2022-12-30 16:58:39.554000,,,7854499,,43118
2022-12-30 16:58:40.093000,,,,,43119
2022-12-30 16:58:40.637000,,,7854643,,43120
2022-12-30 16:58:41.162000,118.78,118.79,7855346,,43121
2022-12-30 16:58:41.674000,,,7855422,,
2022-12-30 16:58:42.203000,118.79,118.8,7857749,,43122
2022-12-30 16:58:42.715000,,,7857769,,
2022-12-30 16:58:43.257000,118.8,118.83,7860694,,43123
2022-12-30 16:58:43.767000,,,7860699,,
2022-12-30 16:58:44.274000,,,7861700,,
2022-12-30 16:58:44.785000,,118.82,7861720,,43124
2022-12-30 16:58:45.316000,,,7861771,,
2022-12-30 16:58:45.876000,,,7861796,,
2022-12-30 16:58:46.400000,,,7861797,,43126
2022-12-30 16:58:46.913000,,,7861803,,
2022-12-30 16:58:47.454000,,,,,43127
2022-12-30 16:58:47.985000,,,7861815,,
2022-12-30 16:58:49.039000,,,7861955,,43128
2022-12-30 16:58:49.545000,,,7861956,,43129
2022-12-30 16:58:50.055000,,,7863026,,
2022-12-30 16:58:50.600000,,,7863027,,43130
2022-12-30 16:58:51.116000,,118.81,7863028,,
2022-12-30 16:58:51.641000,118.78,118.8,7863506,,43131
2022-12-30 16:58:52.158000,118.77,118.78,7864756,,
2022-12-30 16:58:52.676000,,,7864785,,43132
2022-12-30 16:58:53.222000,,,7864786,,43133
2022-12-30 16:58:53.732000,,,7865386,,
2022-12-30 16:58:54.258000,,,7865687,,
2022-12-30 16:58:54.785000,,,7867258,,43134
2022-12-30 16:58:55.822000,,,,,43135
2022-12-30 16:58:56.353000,,,7867446,,
2022-12-30 16:58:56.856000,118.76,118.77,7868755,,43136
2022-12-30 16:58:57.376000,,118.78,7869180,,43137
2022-12-30 16:58:58.382000,,,7869277,,
2022-12-30 16:58:59.447000,,,7869281,,43138
2022-12-30 16:58:59.954000,,,,,43139
2022-12-30 16:59:00.456000,118.77,118.79,7870714,,43140
2022-12-30 16:59:00.958000,,,7870737,,
2022-12-30 16:59:01.495000,,,7870834,,
2022-12-30 16:59:02.022000,118.8,118.82,7878996,,43141
2022-12-30 16:59:02.563000,118.78,118.8,7879197,,43142
2022-12-30 16:59:03.070000,118.77,118.79,7879198,,
2022-12-30 16:59:03.573000,,118.8,7879200,,43143
2022-12-30 16:59:04.099000,,118.79,7880200,,
2022-12-30 16:59:04.610000,,,,,43144
2022-12-30 16:59:05.674000,118.78,118.8,7880255,,43145
2022-12-30 16:59:06.222000,,,7880266,,
2022-12-30 16:59:06.772000,,118.79,,,43146
2022-12-30 16:59:07.285000,,,7881466,,43147
2022-12-30 16:59:08.344000,,,7881476,,
2022-12-30 16:59:09.400000,,,7881477,,
2022-12-30 16:59:09.910000,,,7881487,,
2022-12-30 16:59:10.437000,,,7881610,,43150
2022-12-30 16:59:10.972000,,,7881661,,
2022-12-30 16:59:11.473000,,,7881662,,
2022-12-30 16:59:11.988000,,,7881702,,43151
2022-12-30 16:59:12.522000,,,7881827,,
2022-12-30 16:59:13.025000,,,7881844,,43152
2022-12-30 16:59:13.540000,118.76,118.77,7882606,,43153
2022-12-30 16:59:14.083000,,118.78,7882616,,
2022-12-30 16:59:14.585000,118.78,118.8,7884024,,43154
2022-12-30 16:59:15.635000,,118.79,7887176,,43155
2022-12-30 16:59:16.155000,,118.8,7887186,,
2022-12-30 16:59:16.685000,,118.79,7887738,,43156
2022-12-30 16:59:17.195000,,,7887940,,43157
2022-12-30 16:59:17.735000,118.76,118.77,7888996,,
2022-12-30 16:59:18.259000,,,7889026,,
2022-12-30 16:59:18.799000,,118.78,7890591,,43158
2022-12-30 16:59:19.317000,,,7890891,,43159
2022-12-30 16:59:19.852000,,,7890911,,
2022-12-30 16:59:20.399000,,,7890913,,
2022-12-30 16:59:20.931000,,,7890982,,
2022-12-30 16:59:21.436000,,,7890984,,
2022-12-30 16:59:21.967000,,118.77,,,43161
2022-12-30 16:59:23.007000,118.77,118.79,7892532,,43162
2022-12-30 16:59:23.543000,,,7892533,,
2022-12-30 16:59:24.075000,118.76,,,,43163
2022-12-30 16:59:24.596000,,118.78,7892598,,43164
2022-12-30 16:59:25.107000,,,7892634,,
2022-12-30 16:59:26.677000,,,7892814,,43166
2022-12-30 16:59:27.212000,118.77,118.79,7894216,,
2022-12-30 16:59:27.737000,,,7894218,,
2022-12-30 16:59:28.279000,,118.78,7894358,,43167
2022-12-30 16:59:28.801000,,118.79,,,43168
2022-12-30 16:59:29.335000,118.76,118.78,7897483,,43169
2022-12-30 16:59:30.424000,,,,,43170
2022-12-30 16:59:31.463000,118.78,118.79,7899207,,43171
2022-12-30 16:59:31.999000,,118.8,7899307,,
2022-12-30 16:59:32.548000,,,7899607,,43172
2022-12-30 16:59:33.083000,118.77,,,,
2022-12-30 16:59:33.589000,118.76,118.78,7899632,,43173
2022-12-30 16:59:34.125000,,,7900353,,
2022-12-30 16:59:34.660000,,118.79,,,43174
2022-12-30 16:59:35.195000,,118.78,,,
2022-12-30 16:59:35.715000,,,7902175,,43175
2022-12-30 16:59:36.786000,,118.77,7902276,,43176
2022-12-30 16:59:37.306000,,,7902284,,
2022-12-30 16:59:37.827000,118.75,,7904243,,43177
2022-12-30 16:59:38.403000,,,7904752,,
2022-12-30 16:59:38.909000,,,,,43178
2022-12-30 16:59:39.412000,,,7904877,,43179
2022-12-30 16:59:39.918000,,,7905257,,
2022-12-30 16:59:40.451000,,,7905357,,
2022-12-30 16:59:40.974000,118.79,118.81,7911992,,43180
2022-12-30 16:59:41.497000,118.81,118.83,7911993,,43181
2022-12-30 16:59:42.030000,118.82,,7912051,,
2022-12-30 16:59:42.534000,,,7913952,,43182
2022-12-30 16:59:44.149000,118.8,118.81,7914578,,43183
2022-12-30 16:59:44.667000,118.79,,7914845,,43184
2022-12-30 16:59:45.206000,118.8,,7914856,,43185
2022-12-30 16:59:46.283000,,,7914952,,
2022-12-30 16:59:46.786000,,118.82,7914969,,43186
2022-12-30 16:59:47.301000,118.79,118.8,7915011,,43187
2022-12-30 16:59:47.840000,,118.81,7915211,,
2022-12-30 16:59:48.893000,118.81,118.83,7915221,,43188
2022-12-30 16:59:49.438000,118.82,,,,43189
2022-12-30 16:59:49.964000,,,7915222,,
2022-12-30 16:59:50.502000,,,7915861,,43190
2022-12-30 16:59:51.006000,118.81,118.82,7916061,,
2022-12-30 16:59:51.535000,118.8,118.81,7916786,,43191
2022-12-30 16:59:52.049000,118.81,118.82,7916886,,
2022-12-30 16:59:52.569000,,,7917126,,
2022-12-30 16:59:53.101000,118.8,,7917226,,43192
2022-12-30 16:59:53.668000,,,7917494,,43193
2022-12-30 16:59:54.186000,,,7917519,,
2022-12-30 16:59:54.706000,118.81,,,,43194
2022-12-30 16:59:55.210000,118.8,,,,43195
2022-12-30 16:59:55.742000,,118.81,7917570,,
2022-12-30 16:59:56.286000,,118.82,,,
2022-12-30 16:59:56.810000,,,7917770,,43196
2022-12-30 16:59:57.382000,,118.81,7917771,,
2022-12-30 16:59:58.442000,,,7919124,,43197
2022-12-30 16:59:58.945000,,,7919390,,43198
2022-12-30 16:59:59.481000,,,7919700,,43199
2022-12-30 17:00:00.550000,118.82,118.83,7920203,,43200
2022-12-30 17:00:01.594000,118.84,118.85,7920547,,43201
2022-12-30 17:00:02.096000,,,7920568,,
2022-12-30 17:00:02.601000,,,,,43202
2022-12-30 17:00:03.115000,118.82,118.84,7921339,,
2022-12-30 17:00:03.660000,,118.85,7922339,,43203
2022-12-30 17:00:04.188000,,118.84,7922420,,43204
2022-12-30 17:00:04.700000,,,7922771,,
2022-12-30 17:00:05.743000,,,,,43205
2022-12-30 17:00:06.256000,118.85,118.87,7925280,,43206
2022-12-30 17:00:06.777000,,118.86,7925366,,
2022-12-30 17:00:07.284000,118.81,118.83,7927216,,43207
2022-12-30 17:00:08.327000,118.8,118.81,7927339,,
2022-12-30 17:00:08.855000,118.81,118.83,7927414,,43208
2022-12-30 17:00:09.369000,118.79,118.8,7928115,,43209
2022-12-30 17:00:10.463000,,,7928177,,
2022-12-30 17:00:11.006000,,118.82,7928227,,43210
2022-12-30 17:00:11.520000,118.8,118.83,7928246,,43211
2022-12-30 17:00:12.025000,,,7928254,,
2022-12-30 17:00:12.555000,,,7928475,,43212
2022-12-30 17:00:13.066000,118.82,118.84,7928485,,
2022-12-30 17:00:13.599000,,,,,43213
2022-12-30 17:00:14.631000,,118.85,7928486,,43214
2022-12-30 17:00:15.184000,,,7928488,,
2022-12-30 17:00:15.714000,,,7928543,,43215
2022-12-30 17:00:16.225000,,118.84,7928643,,
2022-12-30 17:00:16.727000,118.81,,7928722,,43216
2022-12-30 17:00:17.261000,,,7928811,,
2022-12-30 17:00:17.799000,118.82,,7928813,,43217
2022-12-30 17:00:18.327000,118.81,,,,43218
2022-12-30 17:00:18.838000,,,7928814,,
2022-12-30 17:00:19.364000,,118.82,7928879,,43219
2022-12-30 17:00:19.886000,,,7928880,,
2022-12-30 17:00:20.424000,118.83,118.84,7929272,,43220
2022-12-30 17:00:20.927000,118.81,118.83,7929407,,
2022-12-30 17:00:21.464000,,,7929422,,43221
2022-12-30 17:00:21.992000,,,7929423,,
2022-12-30 17:00:22.529000,,118.82,7929429,,43222
2022-12-30 17:00:23.037000,,,7929430,,
2022-12-30 17:00:24.073000,,,,,43223
2022-12-30 17:00:24.606000,118.79,118.81,7929637,,43224
2022-12-30 17:00:25.630000,,,7929640,,43225
2022-12-30 17:00:26.131000,,,7929641,,
2022-12-30 17:00:26.656000,118.81,118.83,7929941,,43226
2022-12-30 17:00:27.190000,,,7929942,,43227
2022-12-30 17:00:27.714000,,,7930147,,
2022-12-30 17:00:28.749000,118.82,,7930224,,43228
2022-12-30 17:00:29.274000,,,7930524,,
2022-12-30 17:00:29.780000,,,7930531,,
2022-12-30 17:00:30.286000,118.83,118.84,7930647,,43230
2022-12-30 17:00:30.800000,,,7930648,,
2022-12-30 17:00:31.322000,,,7930649,,
2022-12-30 17:00:32.352000,118.81,118.83,7931069,,43232
2022-12-30 17:00:33.380000,118.79,118.8,7931605,,43233
2022-12-30 17:00:34.400000,,118.81,7931607,,43234
2022-12-30 17:00:34.921000,,,7931826,,
2022-12-30 17:00:35.423000,118.77,118.8,7932935,,43235
2022-12-30 17:00:35.949000,,118.78,7933040,,
2022-12-30 17:00:36.486000,,118.79,7933046,,43236
2022-12-30 17:00:36.996000,,,7933349,,
2022-12-30 17:00:37.541000,,,,,43237
2022-12-30 17:00:38.046000,,,7933350,,
2022-12-30 17:00:38.588000,,118.78,,,43238
2022-12-30 17:00:39.682000,,,7933409,,43239
2022-12-30 17:00:40.209000,,,7934310,,
2022-12-30 17:00:40.713000,,,7934810,,43240
2022-12-30 17:00:41.256000,,,7934930,,
2022-12-30 17:00:41.769000,,,,,43241
2022-12-30 17:00:42.825000,118.75,118.76,7935487,,43242
2022-12-30 17:00:43.339000,,,,,43243
2022-12-30 17:00:43.888000,,,7935488,,
2022-12-30 17:00:44.402000,118.73,118.75,7936805,,43244
2022-12-30 17:00:44.930000,118.72,118.73,7937815,,
2022-12-30 17:00:45.461000,,118.74,7938015,,43245
2022-12-30 17:00:45.970000,,,7938016,,
2022-12-30 17:00:46.473000,,118.73,7938017,,43246
2022-12-30 17:00:47.016000,,118.74,,,
2022-12-30 17:00:47.528000,,,7938018,,
2022-12-30 17:00:48.047000,,118.73,7938022,,43247
2022-12-30 17:00:48.585000,118.7,118.72,7938321,,
2022-12-30 17:00:49.114000,,118.73,,,43248
2022-12-30 17:00:49.632000,,,7938322,,
2022-12-30 17:00:50.139000,118.71,,,,43249
2022-12-30 17:00:50.656000,,,7938378,,
2022-12-30 17:00:51.182000,,,7938379,,43250
2022-12-30 17:00:51.708000,,,7938404,,43251
2022-12-30 17:00:52.211000,,,,,43252
2022-12-30 17:00:53.237000,,,7938417,,
2022-12-30 17:00:53.753000,,,,,43253
2022-12-30 17:00:54.271000,,,7938422,,
2022-12-30 17:00:54.812000,118.68,118.69,7939477,,43254
2022-12-30 17:00:55.337000,,118.7,7940464,,
2022-12-30 17:00:55.859000,,,,,43255
2022-12-30 17:00:56.364000,,,7940514,,
2022-12-30 17:00:56.906000,,,7940515,,43256
2022-12-30 17:00:57.408000,,,7940571,,43257
2022-12-30 17:00:58.442000,,118.71,7943571,,43258
2022-12-30 17:00:58.962000,118.7,,7944091,,
2022-12-30 17:00:59.482000,118.69,,7944613,,43259
2022-12-30 17:01:00.493000,,,7944614,,43260
2022-12-30 17:01:01.002000,118.68,,7944641,,
2022-12-30 17:01:01.508000,,118.7,7944645,,43261
2022-12-30 17:01:02.035000,,,7944646,,
2022-12-30 17:01:02.553000,118.69,118.71,,,43262
2022-12-30 17:01:03.078000,118.7,,7944696,,
2022-12-30 17:01:03.585000,118.69,118.7,7944709,,43263
2022-12-30 17:01:04.111000,,118.71,7945104,,
2022-12-30 17:01:04.615000,,118.7,7945105,,43264
2022-12-30 17:01:05.639000,,,7945106,,
2022-12-30 17:01:06.151000,118.68,,7945209,,43265
2022-12-30 17:01:06.669000,,,7945233,,
2022-12-30 17:01:07.181000,,,7945259,,43266
2022-12-30 17:01:07.708000,118.69,118.71,7946309,,43267
2022-12-30 17:01:08.745000,,,,,43268
2022-12-30 17:01:09.274000,,118.7,7946472,,43269
2022-12-30 17:01:09.818000,118.68,,7946680,,
2022-12-30 17:01:10.346000,118.7,118.71,7946923,,43270
2022-12-30 17:01:10.857000,118.69,,7946924,,
2022-12-30 17:01:11.361000,,,,,43271
2022-12-30 17:01:11.872000,118.7,,,,
2022-12-30 17:01:12.387000,118.71,118.72,7947332,,43272
2022-12-30 17:01:12.894000,,118.73,7947435,,
2022-12-30 17:01:13.433000,118.72,118.74,7947970,,43273
2022-12-30 17:01:13.937000,118.73,,7947975,,
2022-12-30 17:01:14.465000,,118.75,7947976,,43274
2022-12-30 17:01:14.978000,,,7948013,,
2022-12-30 17:01:15.504000,,,,,43275
2022-12-30 17:01:16.046000,,,7948015,,
2022-12-30 17:01:16.564000,118.75,118.76,7948153,,43276
2022-12-30 17:01:17.084000,118.72,118.75,7948253,,
2022-12-30 17:01:17.593000,,,7948334,,43277
2022-12-30 17:01:19.173000,118.73,,7948336,,43278
2022-12-30 17:01:19.677000,,,,,43279
2022-12-30 17:01:20.739000,,,7948415,,43280
2022-12-30 17:01:21.268000,118.72,118.73,7948518,,
2022-12-30 17:01:21.802000,118.7,118.72,7948618,,43281
2022-12-30 17:01:22.342000,,,,,43282
2022-12-30 17:01:23.390000,,,7948818,,43283
2022-12-30 17:01:23.926000,,,7948819,,
2022-12-30 17:01:24.434000,118.71,118.74,7948982,,43284
2022-12-30 17:01:24.945000,118.72,,7949435,,
2022-12-30 17:01:25.481000,118.73,118.75,7949535,,43285
2022-12-30 17:01:26.004000,,,7949570,,
2022-12-30 17:01:26.520000,118.72,,,,43286
2022-12-30 17:01:27.022000,,,7949667,,
2022-12-30 17:01:28.079000,,,7949782,,43287
2022-12-30 17:01:28.583000,,118.73,7949791,,43288
2022-12-30 17:01:29.118000,118.71,118.72,7949892,,
2022-12-30 17:01:29.642000,118.69,118.71,7955492,,43289
2022-12-30 17:01:30.155000,,,7955797,,
2022-12-30 17:01:30.696000,,,7955897,,43290
2022-12-30 17:01:31.215000,118.71,118.72,7956051,,43291
2022-12-30 17:01:31.730000,,,7956301,,
2022-12-30 17:01:32.247000,,,7956337,,
2022-12-30 17:01:33.270000,,118.73,7956513,,43293
2022-12-30 17:01:34.334000,,,7956549,,43294
2022-12-30 17:01:34.881000,118.7,,7956553,,
2022-12-30 17:01:35.416000,,,7956753,,
2022-12-30 17:01:35.961000,,,7956756,,43295
2022-12-30 17:01:36.508000,,,,,43296
2022-12-30 17:01:37.054000,,,7956757,,
2022-12-30 17:01:37.565000,,,7956877,,43297
2022-12-30 17:01:38.086000,,118.72,7956961,,
2022-12-30 17:01:38.613000,,,,,43298
2022-12-30 17:01:39.139000,,,7957061,,
2022-12-30 17:01:39.661000,118.69,118.7,7957078,,43299
2022-12-30 17:01:40.244000,,,7957304,,43300
2022-12-30 17:01:41.308000,118.68,118.71,7957976,,43301
2022-12-30 17:01:41.813000,,,7958077,,
2022-12-30 17:01:42.835000,118.69,,,,43302
2022-12-30 17:01:43.922000,,,7958177,,43303
2022-12-30 17:01:44.449000,118.68,118.69,,,43304
2022-12-30 17:01:44.950000,,118.71,7958313,,
2022-12-30 17:01:45.483000,,,7958413,,43305
2022-12-30 17:01:46.521000,,118.7,,,43306
2022-12-30 17:01:47.060000,,,7958423,,
2022-12-30 17:01:47.611000,,,7958434,,43307
2022-12-30 17:01:48.143000,118.67,118.69,7958653,,
2022-12-30 17:01:48.674000,,,,,43308
2022-12-30 17:01:49.200000,118.66,118.67,7959253,,43309
2022-12-30 17:01:49.715000,,118.69,,,
2022-12-30 17:01:50.243000,,,7959254,,43310
2022-12-30 17:01:50.778000,,118.68,7959324,,
2022-12-30 17:01:52.327000,118.67,118.69,7959359,,43311
2022-12-30 17:01:52.851000,118.68,118.7,,,43312
2022-12-30 17:01:53.887000,,,7960359,,43313
2022-12-30 17:01:54.435000,,,,,43314
2022-12-30 17:01:54.971000,,,7960366,,
2022-12-30 17:01:56.506000,,,,,43316
2022-12-30 17:01:57.051000,118.67,118.69,7960506,,
2022-12-30 17:01:57.578000,118.66,,,,43317
2022-12-30 17:01:58.095000,,118.68,7960590,,
2022-12-30 17:01:58.597000,,,7960891,,43318
2022-12-30 17:01:59.118000,118.67,118.69,7960923,,
2022-12-30 17:01:59.628000,118.68,118.7,7960974,,43319
2022-12-30 17:02:00.172000,118.67,,7961007,,
2022-12-30 17:02:00.692000,118.68,,,,43320
2022-12-30 17:02:01.231000,118.67,118.69,7961010,,43321
2022-12-30 17:02:02.265000,,118.68,7961409,,
2022-12-30 17:02:02.783000,,118.69,7961816,,43322
2022-12-30 17:02:03.286000,,,7961824,,43323
2022-12-30 17:02:04.303000,,,7961924,,
2022-12-30 17:02:04.849000,,,7961952,,43324
2022-12-30 17:02:06.401000,,,7961953,,
2022-12-30 17:02:06.923000,,,7962003,,43326
2022-12-30 17:02:07.442000,,,7962004,,
2022-12-30 17:02:07.953000,,118.68,7962059,,43327
2022-12-30 17:02:08.454000,,,,,43328
2022-12-30 17:02:08.984000,,118.69,7962063,,
2022-12-30 17:02:09.493000,,118.68,,,
2022-12-30 17:02:10.000000,,118.69,7962100,,43329
2022-12-30 17:02:10.531000,,,7962200,,43330
2022-12-30 17:02:11.035000,,,7962207,,
2022-12-30 17:02:11.577000,118.68,118.7,7962507,,43331
2022-12-30 17:02:12.124000,,,7962707,,
2022-12-30 17:02:13.144000,,,7962708,,
2022-12-30 17:02:13.664000,,,7962863,,43333
2022-12-30 17:02:14.705000,,,7962898,,
2022-12-30 17:02:15.274000,,118.69,7962903,,43334
2022-12-30 17:02:15.800000,,,7962904,,
2022-12-30 17:02:16.337000,,,,,43336
2022-12-30 17:02:17.400000,,,7962905,,
2022-12-30 17:02:17.950000,,,7962906,,43337
2022-12-30 17:02:18.990000,,,,,43338
2022-12-30 17:02:20.028000,118.67,118.68,7963225,,43339
2022-12-30 17:02:20.545000,,,7963321,,43340
2022-12-30 17:02:21.054000,,,7963322,,
2022-12-30 17:02:21.601000,,,7964855,,43341
2022-12-30 17:02:22.121000,,,7964875,,
2022-12-30 17:02:22.642000,,118.69,,,43342
2022-12-30 17:02:23.682000,,,7965033,,
2022-12-30 17:02:24.213000,,,7965034,,43343
2022-12-30 17:02:24.752000,,118.68,,,43344
2022-12-30 17:02:25.259000,,,7965044,,
2022-12-30 17:02:25.764000,,,7965102,,
2022-12-30 17:02:26.301000,,,7965104,,
2022-12-30 17:02:26.828000,118.68,118.69,7965547,,43346
2022-12-30 17:02:27.334000,,118.7,7965555,,43347
2022-12-30 17:02:27.865000,,,7965633,,
2022-12-30 17:02:28.376000,,118.69,,,
2022-12-30 17:02:28.881000,,,7965773,,43348
2022-12-30 17:02:30.472000,,,7966467,,43350
2022-12-30 17:02:30.982000,118.67,118.68,7966671,,
2022-12-30 17:02:31.519000,,,7966712,,
2022-12-30 17:02:32.037000,118.65,118.67,7967382,,43351
2022-12-30 17:02:32.546000,118.62,118.65,7969567,,43352
2022-12-30 17:02:33.054000,118.63,,7969577,,
2022-12-30 17:02:33.573000,118.65,118.67,7969675,,43353
2022-12-30 17:02:34.074000,,,7969697,,
2022-12-30 17:02:34.611000,,,,,43354
2022-12-30 17:02:35.112000,,,7969698,,
2022-12-30 17:02:35.650000,,,7970331,,43355
2022-12-30 17:02:36.199000,,,7970533,,
2022-12-30 17:02:36.736000,,118.66,,,43356
2022-12-30 17:02:37.257000,,,7970543,,
2022-12-30 17:02:37.791000,,,7970544,,
2022-12-30 17:02:38.325000,,,7970694,,
2022-12-30 17:02:38.848000,,,7971941,,43358
2022-12-30 17:02:39.366000,,,7971943,,
2022-12-30 17:02:39.904000,,,7971945,,
2022-12-30 17:02:40.947000,,,7971971,,43360
2022-12-30 17:02:41.463000,118.66,118.67,7972534,,43361
2022-12-30 17:02:41.974000,,118.68,7972720,,
2022-12-30 17:02:42.477000,,118.67,7972738,,43362
2022-12-30 17:02:42.987000,118.65,,7973064,,
2022-12-30 17:02:43.534000,,,7973074,,43363
2022-12-30 17:02:44.585000,,,7973075,,
2022-12-30 17:02:45.089000,118.64,118.66,7973618,,43364
2022-12-30 17:02:46.648000,,,7973621,,43366
2022-12-30 17:02:47.166000,118.65,118.67,,,
2022-12-30 17:02:48.229000,118.67,118.69,7973840,,43368
2022-12-30 17:02:48.760000,,,7973889,,
2022-12-30 17:02:49.296000,118.66,118.68,,,43369
2022-12-30 17:02:49.814000,118.65,118.67,7974776,,
2022-12-30 17:02:50.326000,,,7974777,,43370
2022-12-30 17:02:50.859000,118.67,118.68,7974783,,
2022-12-30 17:02:51.372000,118.65,118.67,7974908,,43371
2022-12-30 17:02:51.897000,,,7974909,,
2022-12-30 17:02:52.422000,118.64,118.66,,,
2022-12-30 17:02:52.945000,,,,,43372
2022-12-30 17:02:53.474000,118.65,118.67,7975116,,43373
2022-12-30 17:02:54.494000,,118.68,,,43374
2022-12-30 17:02:55.533000,,,,,43375
2022-12-30 17:02:56.082000,,118.67,,,
2022-12-30 17:02:56.614000,118.66,118.68,7975117,,43376
2022-12-30 17:02:57.127000,118.65,118.67,7975217,,
2022-12-30 17:02:57.629000,,,7975220,,43377
2022-12-30 17:02:58.659000,118.66,,7975226,,43378
2022-12-30 17:02:59.164000,,,7975229,,
2022-12-30 17:02:59.680000,,,,,43379
2022-12-30 17:03:00.189000,,,7975231,,
2022-12-30 17:03:00.716000,118.67,118.69,7975440,,43380
2022-12-30 17:03:01.248000,118.68,118.7,7975443,,43381
2022-12-30 17:03:01.758000,,,7975543,,
2022-12-30 17:03:02.279000,,,7975551,,43382
2022-12-30 17:03:02.822000,118.67,118.69,,,
2022-12-30 17:03:03.340000,118.69,118.7,7975556,,43383
2022-12-30 17:03:03.870000,118.68,,,,
2022-12-30 17:03:04.393000,,,,,43384
2022-12-30 17:03:04.911000,,,7977740,,
2022-12-30 17:03:05.419000,118.69,,7978504,,
2022-12-30 17:03:05.954000,118.68,,7978704,,43385
2022-12-30 17:03:06.478000,118.71,118.72,7981114,,43386
2022-12-30 17:03:06.987000,118.72,118.73,7981240,,
2022-12-30 17:03:07.519000,,,,,43387
2022-12-30 17:03:08.063000,118.71,,7981556,,
2022-12-30 17:03:08.600000,,,7981561,,
2022-12-30 17:03:09.144000,,,7981571,,43388
2022-12-30 17:03:10.187000,118.72,,,,43389
2022-12-30 17:03:10.706000,118.73,118.74,7981805,,43390
2022-12-30 17:03:11.212000,118.74,118.76,7982262,,
2022-12-30 17:03:11.718000,,,7982402,,43391
2022-12-30 17:03:12.224000,,,7982422,,
2022-12-30 17:03:12.728000,,,7982424,,43392
2022-12-30 17:03:13.251000,,,7982454,,
2022-12-30 17:03:13.782000,,,7982456,,43393
2022-12-30 17:03:14.307000,,,7982457,,43394
2022-12-30 17:03:14.820000,,,7983157,,
2022-12-30 17:03:15.890000,,,7983287,,
2022-12-30 17:03:16.420000,,118.75,7983528,,43396
2022-12-30 17:03:16.942000,,,7983728,,
2022-12-30 17:03:17.979000,,,7983739,,
2022-12-30 17:03:18.509000,,,7983975,,43398
2022-12-30 17:03:19.034000,,118.76,7984031,,
2022-12-30 17:03:19.557000,,118.75,7984064,,43399
2022-12-30 17:03:20.099000,,,7984164,,
2022-12-30 17:03:20.620000,,,7984192,,43400
2022-12-30 17:03:21.136000,,,7984212,,
2022-12-30 17:03:21.680000,,,7984214,,43401
2022-12-30 17:03:22.216000,118.72,118.74,7986137,,
2022-12-30 17:03:22.736000,118.74,118.75,7986487,,43402
2022-12-30 17:03:23.242000,118.75,118.76,7986559,,43403
2022-12-30 17:03:23.758000,118.74,,,,
2022-12-30 17:03:24.282000,118.75,,,,43404
2022-12-30 17:03:24.783000,,118.78,7986846,,
2022-12-30 17:03:25.310000,,118.77,,,
2022-12-30 17:03:25.825000,118.73,118.75,7986910,,43405
2022-12-30 17:03:26.357000,,,,,43406
2022-12-30 17:03:26.905000,,,7986914,,
2022-12-30 17:03:27.986000,118.74,118.76,7987083,,43407
2022-12-30 17:03:28.531000,,,,,43408
2022-12-30 17:03:29.067000,118.73,118.75,7987099,,
2022-12-30 17:03:29.615000,,,,,43409
2022-12-30 17:03:30.117000,,118.76,7987724,,
2022-12-30 17:03:31.168000,,,7987779,,43410
2022-12-30 17:03:31.716000,,118.75,7987879,,43411
2022-12-30 17:03:32.263000,,,7989879,,
2022-12-30 17:03:32.764000,118.75,118.77,7991282,,43412
2022-12-30 17:03:33.285000,,,7991283,,
2022-12-30 17:03:33.821000,,,7991383,,43413
2022-12-30 17:03:34.367000,,,7991483,,
2022-12-30 17:03:35.449000,118.76,118.78,7991538,,43415
2022-12-30 17:03:36.458000,118.75,,7991562,,
2022-12-30 17:03:36.990000,118.77,118.79,7991608,,43416
2022-12-30 17:03:37.501000,,,7991609,,43417
2022-12-30 17:03:38.006000,118.78,,,,
2022-12-30 17:03:38.514000,118.77,,7991619,,43418
2022-12-30 17:03:39.566000,,,7991635,,43419
2022-12-30 17:03:40.075000,,,7991636,,
2022-12-30 17:03:40.609000,,,7991643,,
2022-12-30 17:03:41.118000,,,7991684,,
2022-12-30 17:03:41.630000,,,,,43421
2022-12-30 17:03:42.131000,,,7991700,,
2022-12-30 17:03:42.657000,118.75,118.78,7991867,,43422
2022-12-30 17:03:43.190000,,118.77,7991892,,
2022-12-30 17:03:43.717000,118.77,118.79,7991958,,43423
2022-12-30 17:03:44.232000,118.76,,,,
2022-12-30 17:03:44.757000,,118.78,7992131,,43424
2022-12-30 17:03:45.276000,,,7992141,,43425
2022-12-30 17:03:45.782000,,118.79,7992176,,
2022-12-30 17:03:46.308000,118.75,118.77,7992494,,43426
2022-12-30 17:03:46.837000,,,7992594,,
2022-12-30 17:03:47.354000,118.78,118.79,7993750,,43427
2022-12-30 17:03:47.863000,,,7993810,,
2022-12-30 17:03:49.423000,,,7993826,,43429
2022-12-30 17:03:50.465000,,,7993827,,
2022-12-30 17:03:51.013000,118.8,118.81,7996524,,43430
2022-12-30 17:03:51.559000,,,7996659,,
2022-12-30 17:03:52.075000,,,7996661,,43431
2022-12-30 17:03:53.134000,118.79,118.8,7997062,,43432
2022-12-30 17:03:53.641000,,,7997077,,
2022-12-30 17:03:54.153000,,118.81,7997078,,43433
2022-12-30 17:03:54.707000,,,,,43434
2022-12-30 17:03:55.250000,,,7997123,,43435
2022-12-30 17:03:55.794000,,,7997223,,
2022-12-30 17:03:56.322000,,,7997240,,43436
2022-12-30 17:03:56.840000,,118.8,7997322,,
2022-12-30 17:03:57.389000,,,7997323,,
2022-12-30 17:03:57.918000,,,,,43437
2022-12-30 17:03:58.420000,118.8,118.81,7997470,,43438
2022-12-30 17:03:59.460000,,,7997720,,43439
2022-12-30 17:03:59.987000,,,7997820,,
2022-12-30 17:04:00.492000,,,7997921,,
2022-12-30 17:04:01.021000,,,7998048,,
2022-12-30 17:04:01.524000,118.79,118.8,7998315,,43441
2022-12-30 17:04:02.027000,,,7998373,,
2022-12-30 17:04:02.529000,,,7998383,,43442
2022-12-30 17:04:04.637000,,,7998503,,43444
2022-12-30 17:04:05.150000,,,7998521,,
2022-12-30 17:04:05.654000,,,,,43445
2022-12-30 17:04:06.156000,,,7998621,,
2022-12-30 17:04:07.193000,,,7998671,,
2022-12-30 17:04:07.705000,,,7998681,,
2022-12-30 17:04:08.211000,,,,,43447
2022-12-30 17:04:09.255000,,,7998682,,
2022-12-30 17:04:09.762000,,,7998683,,
2022-12-30 17:04:10.285000,,,7998686,,
2022-12-30 17:04:12.983000,,,7998737,,
2022-12-30 17:04:13.508000,,,7998872,,
2022-12-30 17:04:14.057000,,,7998873,,
2022-12-30 17:04:14.585000,,,7998915,,
2022-12-30 17:04:15.610000,118.8,118.81,7999551,,43455
2022-12-30 17:04:16.141000,118.81,118.82,7999661,,
2022-12-30 17:04:16.665000,,,,,43456
2022-12-30 17:04:17.720000,118.8,118.81,8000063,,43457
2022-12-30 17:04:18.229000,,,8000073,,
2022-12-30 17:04:18.751000,,,8000573,,43458
2022-12-30 17:04:19.297000,,,8000584,,
2022-12-30 17:04:19.825000,,,8000685,,43459
2022-12-30 17:04:20.330000,,,8000686,,
2022-12-30 17:04:20.839000,118.77,118.8,8003024,,43460
2022-12-30 17:04:21.357000,,,,,43461
2022-12-30 17:04:21.880000,118.78,,,,
