time, bid_price, ask_price, total_volume, open_price, quote_time
2022-12-28 18:52:53.562000,116.13,116.14,11988098,116.25,49972
2022-12-28 18:52:54.068000,116.12,116.13,11988449,,49973
2022-12-28 18:52:54.591000,116.11,,11988568,,49974
2022-12-28 18:52:55.114000,,,11988868,,
2022-12-28 18:52:55.651000,,,11988929,,49975
2022-12-28 18:52:56.172000,116.09,116.1,11989995,,49976
2022-12-28 18:52:56.681000,,116.11,11990194,,
2022-12-28 18:52:57.186000,,,11990551,,49977
2022-12-28 18:52:57.712000,,,11990569,,
2022-12-28 18:52:58.244000,116.08,116.09,11990943,,49978
2022-12-28 18:52:58.763000,,,11991143,,
2022-12-28 18:52:59.291000,,,11991145,,
2022-12-28 18:52:59.831000,,,11991146,,
2022-12-28 18:53:00.346000,,116.1,11991546,,49980
2022-12-28 18:53:00.890000,,,11991556,,
2022-12-28 18:53:01.408000,,,11991854,,49981
2022-12-28 18:53:01.942000,,,11991954,,
2022-12-28 18:53:02.461000,116.06,116.07,11993061,,49982
2022-12-28 18:53:02.987000,,116.08,,,
2022-12-28 18:53:03.514000,116.08,116.1,11993193,,49983
2022-12-28 18:53:04.059000,,,11993267,,
2022-12-28 18:53:04.597000,116.1,116.12,11994347,,49984
2022-12-28 18:53:05.099000,,,11994366,,
2022-12-28 18:53:05.637000,,116.11,11994471,,49985
2022-12-28 18:53:06.151000,116.11,116.12,11994556,,49986
2022-12-28 18:53:06.693000,,,11994763,,
2022-12-28 18:53:07.201000,,,11995015,,
2022-12-28 18:53:07.716000,,,,,49987
2022-12-28 18:53:08.751000,,,11995016,,
2022-12-28 18:53:09.277000,,,11995022,,
2022-12-28 18:53:09.805000,116.09,116.1,11995322,,49989
2022-12-28 18:53:10.322000,116.08,,,,
2022-12-28 18:53:10.825000,116.07,116.09,11995333,,49990
2022-12-28 18:53:11.354000,116.08,116.1,11995533,,49991
2022-12-28 18:53:11.874000,,,11995720,,
2022-12-28 18:53:12.415000,,,11995723,,49992
2022-12-28 18:53:12.934000,,,11995734,,
2022-12-28 18:53:13.976000,,,11995757,,49993
2022-12-28 18:53:14.513000,116.1,116.12,11996216,,49994
2022-12-28 18:53:15.032000,,,11996217,,
2022-12-28 18:53:15.568000,,,11996317,,
2022-12-28 18:53:16.108000,116.09,,,,49995
2022-12-28 18:53:16.643000,,,11996319,,49996
2022-12-28 18:53:17.682000,,,11996392,,
2022-12-28 18:53:18.238000,,,11996395,,
2022-12-28 18:53:18.773000,,,11996446,,49998
2022-12-28 18:53:19.275000,116.1,,11996447,,49999
2022-12-28 18:53:19.818000,116.11,116.13,11996881,,
2022-12-28 18:53:20.365000,116.12,,11997042,,50000
2022-12-28 18:53:20.885000,,,11997084,,
2022-12-28 18:53:21.424000,116.11,,11997328,,50001
2022-12-28 18:53:23.521000,,,11998328,,
2022-12-28 18:53:24.026000,116.12,,,,50003
2022-12-28 18:53:24.537000,,,,,50004
2022-12-28 18:53:25.082000,,116.14,11998897,,
2022-12-28 18:53:25.622000,,,11999224,,50005
2022-12-28 18:53:26.149000,,,11999243,,
2022-12-28 18:53:26.655000,,,11999253,,50006
2022-12-28 18:53:27.184000,,,11999254,,
2022-12-28 18:53:27.715000,116.13,116.15,11999497,,50007
2022-12-28 18:53:28.228000,116.14,,11999548,,50008
2022-12-28 18:53:28.757000,,,11999549,,
2022-12-28 18:53:29.298000,,,11999591,,
2022-12-28 18:53:30.362000,,,11999617,,50009
2022-12-28 18:53:30.889000,,,12000827,,
2022-12-28 18:53:31.901000,,,12000927,,
2022-12-28 18:53:32.406000,116.13,,12001782,,50012
2022-12-28 18:53:32.908000,,116.14,12001790,,
2022-12-28 18:53:33.436000,116.14,116.15,12002222,,50013
2022-12-28 18:53:33.973000,,,12002224,,
2022-12-28 18:53:34.489000,,,,,50014
2022-12-28 18:53:35,,,12002228,,
2022-12-28 18:53:35.525000,116.15,116.17,12003774,,50015
2022-12-28 18:53:36.068000,,,12003778,,
2022-12-28 18:53:36.573000,,,12003779,,
2022-12-28 18:53:37.098000,,,12003796,,
2022-12-28 18:53:37.629000,,,12003797,,50017
2022-12-28 18:53:38.638000,,,12003867,,50018
2022-12-28 18:53:39.144000,,,,,50019
2022-12-28 18:53:40.175000,116.17,116.18,12004324,,
2022-12-28 18:53:40.714000,,,12004515,,
2022-12-28 18:53:41.249000,,,,,50020
2022-12-28 18:53:42.327000,,,12004565,,
2022-12-28 18:53:42.845000,116.16,,12004981,,50022
2022-12-28 18:53:43.374000,,,12004982,,
2022-12-28 18:53:43.888000,,116.17,12005098,,50023
2022-12-28 18:53:44.402000,,,12005129,,50024
2022-12-28 18:53:44.950000,116.17,116.18,12005156,,
2022-12-28 18:53:45.452000,,,,,50025
2022-12-28 18:53:45.982000,,,12005283,,
2022-12-28 18:53:47.030000,,,12005339,,50026
2022-12-28 18:53:47.537000,,,12005340,,50027
2022-12-28 18:53:48.044000,,,12007346,,
2022-12-28 18:53:48.548000,116.18,116.19,12007652,,50028
2022-12-28 18:53:49.096000,,,12007653,,
2022-12-28 18:53:50.154000,,,12007654,,50029
2022-12-28 18:53:50.685000,,,12007804,,
2022-12-28 18:53:51.186000,116.17,,12008570,,50031
2022-12-28 18:53:52.255000,,,12008720,,
2022-12-28 18:53:52.785000,,,,,50032
2022-12-28 18:53:53.815000,116.14,116.16,12008923,,50033
2022-12-28 18:53:54.355000,,,12008930,,50034
2022-12-28 18:53:54.894000,,,12008931,,
2022-12-28 18:53:55.950000,116.17,116.19,12009379,,50035
2022-12-28 18:53:56.486000,,,12009480,,50036
2022-12-28 18:53:57.003000,,,12009535,,
2022-12-28 18:53:57.548000,116.19,116.21,12010152,,50037
2022-12-28 18:53:58.078000,,116.2,12010252,,
2022-12-28 18:53:58.585000,,,12010260,,
2022-12-28 18:53:59.090000,,116.21,12010928,,50038
2022-12-28 18:53:59.630000,,,12010930,,50039
2022-12-28 18:54:00.155000,,,,,50040
2022-12-28 18:54:00.670000,,,12011542,,
2022-12-28 18:54:01.175000,,,12011557,,50041
2022-12-28 18:54:02.744000,116.21,116.23,12012653,,50042
2022-12-28 18:54:03.279000,,116.22,12013654,,
2022-12-28 18:54:03.797000,,,12013770,,50043
2022-12-28 18:54:04.309000,,,12013899,,
2022-12-28 18:54:04.838000,,,,,50044
2022-12-28 18:54:05.384000,,,12013951,,50045
2022-12-28 18:54:06.430000,116.2,,12017800,,50046
2022-12-28 18:54:07.477000,,116.21,12018402,,
2022-12-28 18:54:08.001000,,,12018537,,50047
2022-12-28 18:54:08.525000,,,12018557,,50048
2022-12-28 18:54:09.033000,116.21,116.22,12018815,,
2022-12-28 18:54:09.539000,116.2,,12019108,,50049
2022-12-28 18:54:10.051000,,116.21,12019259,,
2022-12-28 18:54:11.094000,,116.22,,,50050
2022-12-28 18:54:11.602000,116.21,,12019344,,50051
2022-12-28 18:54:12.654000,116.22,116.23,12019593,,50052
2022-12-28 18:54:13.165000,,,12019620,,
2022-12-28 18:54:13.703000,,,12019635,,50053
2022-12-28 18:54:14.742000,,,,,50054
2022-12-28 18:54:15.286000,116.23,116.25,12020346,,
2022-12-28 18:54:15.807000,116.24,,12020427,,50055
2022-12-28 18:54:16.330000,,116.26,12020474,,
2022-12-28 18:54:16.869000,116.26,116.27,12023748,,50056
2022-12-28 18:54:17.384000,,,12025736,,50057
2022-12-28 18:54:17.910000,116.24,116.26,12026043,,
2022-12-28 18:54:18.416000,,,12026383,,50058
2022-12-28 18:54:18.918000,116.25,116.27,12026792,,
2022-12-28 18:54:19.436000,,,,,50059
2022-12-28 18:54:19.952000,,,12026838,,
2022-12-28 18:54:20.468000,,116.26,12026839,,50060
2022-12-28 18:54:20.976000,,,12026885,,
2022-12-28 18:54:21.508000,,116.27,12026895,,50061
2022-12-28 18:54:22.558000,,,12028413,,50062
2022-12-28 18:54:23.628000,,,,,50063
2022-12-28 18:54:24.165000,116.26,,12028443,,
2022-12-28 18:54:24.680000,,,,,50064
2022-12-28 18:54:25.201000,,116.28,12028559,,
2022-12-28 18:54:25.703000,,,,,50065
2022-12-28 18:54:26.218000,116.28,116.29,12028596,,
2022-12-28 18:54:26.725000,,,12028606,,50066
2022-12-28 18:54:27.228000,,,12028806,,
2022-12-28 18:54:28.248000,,,,,50067
2022-12-28 18:54:28.780000,,,12028906,,
2022-12-28 18:54:29.307000,,,12028918,,
2022-12-28 18:54:29.827000,,,,,50069
2022-12-28 18:54:30.340000,,,12028928,,
2022-12-28 18:54:30.883000,,116.3,,,50070
2022-12-28 18:54:31.409000,116.29,,12028930,,50071
2022-12-28 18:54:31.949000,,,12028959,,
2022-12-28 18:54:32.490000,116.28,116.29,12030532,,50072
2022-12-28 18:54:32.999000,,116.3,12030542,,
2022-12-28 18:54:33.531000,116.3,116.31,12030781,,50073
2022-12-28 18:54:34.041000,116.29,,12031078,,
2022-12-28 18:54:34.585000,,,12031079,,
2022-12-28 18:54:35.116000,116.28,116.3,,,50074
2022-12-28 18:54:35.640000,,,12031085,,50075
2022-12-28 18:54:36.694000,,116.29,,,50076
2022-12-28 18:54:37.220000,,,12031110,,
2022-12-28 18:54:38.264000,,,,,50078
2022-12-28 18:54:40.356000,,,,,50080
2022-12-28 18:54:40.869000,116.27,,12033057,,
2022-12-28 18:54:41.407000,,116.3,12033062,,50081
2022-12-28 18:54:41.943000,,,12033681,,
2022-12-28 18:54:42.461000,116.28,,,,50082
2022-12-28 18:54:43.476000,,,12033781,,50083
2022-12-28 18:54:43.984000,,,12033784,,
2022-12-28 18:54:44.529000,,,12033828,,50084
2022-12-28 18:54:45.041000,,,12033838,,
2022-12-28 18:54:45.582000,,116.29,12033938,,50085
2022-12-28 18:54:46.119000,,116.3,,,
2022-12-28 18:54:46.637000,,,,,50086
2022-12-28 18:54:48.215000,,,12033958,,
2022-12-28 18:54:48.731000,,,12033969,,50088
2022-12-28 18:54:49.241000,,,12034009,,
2022-12-28 18:54:49.760000,,,12034010,,50089
2022-12-28 18:54:50.798000,,,12034033,,50090
2022-12-28 18:54:51.340000,116.29,,12034048,,50091
2022-12-28 18:54:51.873000,,,12034049,,
2022-12-28 18:54:52.402000,,116.31,,,50092
2022-12-28 18:54:52.942000,,,12034059,,
2022-12-28 18:54:53.448000,,116.3,12034060,,50093
2022-12-28 18:54:53.961000,,116.31,12034110,,
2022-12-28 18:54:54.509000,116.28,116.3,12034111,,50094
2022-12-28 18:54:55.016000,,116.29,12034215,,
2022-12-28 18:54:55.560000,,,12034278,,
2022-12-28 18:54:56.071000,,,12034543,,50095
2022-12-28 18:54:56.619000,,,,,50096
2022-12-28 18:54:57.683000,,,,,50097
2022-12-28 18:54:58.768000,,,,,50098
2022-12-28 18:55:00.331000,,,12034544,,50100
2022-12-28 18:55:00.843000,116.27,,12035243,,
2022-12-28 18:55:01.351000,,,12035443,,
2022-12-28 18:55:01.883000,,116.28,12036864,,50101
2022-12-28 18:55:02.399000,,116.29,,,
2022-12-28 18:55:02.905000,,,,,50102
2022-12-28 18:55:03.417000,,116.28,,,50103
2022-12-28 18:55:03.958000,116.28,116.29,12036974,,
2022-12-28 18:55:04.463000,,,,,50104
2022-12-28 18:55:04.977000,116.27,116.28,12037074,,
2022-12-28 18:55:05.489000,,,,,50105
2022-12-28 18:55:06.006000,116.25,116.27,12038002,,
2022-12-28 18:55:06.523000,,116.26,12038595,,50106
2022-12-28 18:55:07.531000,116.26,116.27,12038701,,50107
2022-12-28 18:55:08.036000,,116.28,12038703,,
2022-12-28 18:55:08.548000,116.25,116.27,12038823,,50108
2022-12-28 18:55:09.571000,116.24,116.25,12038825,,50109
2022-12-28 18:55:10.089000,116.22,116.24,12038968,,
2022-12-28 18:55:10.590000,116.23,116.25,12039579,,50110
2022-12-28 18:55:11.112000,,116.24,12039581,,
2022-12-28 18:55:11.615000,,,12040252,,50111
2022-12-28 18:55:12.123000,,,12040253,,
2022-12-28 18:55:12.647000,,,12040572,,50112
2022-12-28 18:55:13.167000,,,12040627,,
2022-12-28 18:55:13.709000,,,12040634,,50113
2022-12-28 18:55:14.220000,,,12040635,,
2022-12-28 18:55:14.744000,116.24,116.25,12040996,,50114
2022-12-28 18:55:15.268000,116.23,,12040998,,
2022-12-28 18:55:15.813000,,,12041098,,50115
2022-12-28 18:55:16.354000,,,12041123,,50116
2022-12-28 18:55:17.387000,116.22,116.23,12041649,,50117
2022-12-28 18:55:17.913000,116.21,,12042681,,
2022-12-28 18:55:18.415000,116.22,116.24,12042718,,50118
2022-12-28 18:55:18.934000,116.21,116.23,,,
2022-12-28 18:55:19.437000,116.22,116.24,12042988,,50119
2022-12-28 18:55:19.976000,,,12043032,,
2022-12-28 18:55:20.494000,116.23,,12043043,,50120
2022-12-28 18:55:21.016000,,,12043068,,
2022-12-28 18:55:21.557000,,,,,50121
2022-12-28 18:55:22.089000,,,12043094,,
2022-12-28 18:55:22.591000,,,,,50122
2022-12-28 18:55:23.114000,,,12043194,,
2022-12-28 18:55:23.620000,116.24,116.25,12043453,,50123
2022-12-28 18:55:24.168000,,,12043564,,50124
2022-12-28 18:55:24.716000,116.23,116.24,12043654,,
2022-12-28 18:55:26.348000,,,12043944,,
2022-12-28 18:55:26.857000,,116.25,12044085,,50126
2022-12-28 18:55:27.369000,116.24,,12044170,,50127
2022-12-28 18:55:27.917000,,,12044374,,
2022-12-28 18:55:28.464000,,,12044387,,
2022-12-28 18:55:28.991000,116.21,116.23,12045076,,50128
2022-12-28 18:55:29.526000,,,12045077,,
2022-12-28 18:55:30.049000,116.22,116.24,,,50129
2022-12-28 18:55:30.574000,116.23,,12045110,,50130
2022-12-28 18:55:31.122000,,116.25,12045130,,
2022-12-28 18:55:31.635000,,116.24,12045830,,50131
2022-12-28 18:55:32.155000,,,12046092,,
2022-12-28 18:55:32.680000,116.22,,12046938,,50132
2022-12-28 18:55:33.220000,116.23,116.25,12047259,,
2022-12-28 18:55:33.737000,,,,,50133
2022-12-28 18:55:34.243000,116.24,,12047370,,
2022-12-28 18:55:34.777000,,,,,50134
2022-12-28 18:55:35.314000,,,12047570,,50135
2022-12-28 18:55:36.379000,,,12047620,,
2022-12-28 18:55:39.024000,,,,,50138
2022-12-28 18:55:39.560000,,,12047720,,50139
2022-12-28 18:55:40.064000,,,12047725,,
2022-12-28 18:55:40.575000,,,,,50140
2022-12-28 18:55:41.122000,116.25,116.26,12048115,,
2022-12-28 18:55:41.662000,116.27,116.28,12049121,,50141
2022-12-28 18:55:42.171000,,,12049122,,
2022-12-28 18:55:42.696000,,,12049123,,
2022-12-28 18:55:43.719000,,,12049221,,50143
2022-12-28 18:55:44.262000,,,12051996,,
2022-12-28 18:55:44.770000,116.25,116.27,12052406,,50144
2022-12-28 18:55:45.284000,,116.26,,,50145
2022-12-28 18:55:46.847000,,,12052457,,
2022-12-28 18:55:47.360000,,,12052467,,
2022-12-28 18:55:47.895000,,,,,50147
2022-12-28 18:55:48.444000,116.26,116.28,12052585,,50148
2022-12-28 18:55:48.986000,,,12052701,,
2022-12-28 18:55:49.500000,116.28,116.29,12052829,,50149
2022-12-28 18:55:50.037000,,,12052841,,
2022-12-28 18:55:50.560000,,,12053031,,50150
2022-12-28 18:55:51.619000,,,,,50151
2022-12-28 18:55:52.654000,,,12053657,,50152
2022-12-28 18:55:53.163000,,116.3,12053658,,
2022-12-28 18:55:53.692000,,116.29,12053718,,50153
2022-12-28 18:55:54.230000,,,12053720,,
2022-12-28 18:55:54.779000,,,12053830,,50154
2022-12-28 18:55:55.292000,,,12054526,,
2022-12-28 18:55:55.838000,,,12054921,,50155
2022-12-28 18:55:56.360000,116.27,116.28,12054946,,
2022-12-28 18:55:57.416000,116.26,,12054971,,50157
2022-12-28 18:55:57.956000,,,12055127,,
2022-12-28 18:55:59.003000,,,12055227,,50158
2022-12-28 18:55:59.538000,,,12055304,,
2022-12-28 18:56:00.062000,,,12055309,,50159
2022-12-28 18:56:00.590000,116.24,116.26,12055614,,50160
2022-12-28 18:56:01.128000,,116.25,12055620,,
2022-12-28 18:56:01.669000,,,,,50161
2022-12-28 18:56:02.210000,,116.26,12055633,,50162
2022-12-28 18:56:02.753000,116.25,116.27,12055699,,
2022-12-28 18:56:03.266000,,,12055799,,50163
2022-12-28 18:56:03.770000,,116.28,12055812,,
2022-12-28 18:56:04.278000,,116.27,12055871,,50164
2022-12-28 18:56:04.813000,,,12055872,,
2022-12-28 18:56:05.317000,116.24,116.26,12055942,,50165
2022-12-28 18:56:05.833000,,,12055952,,
2022-12-28 18:56:06.375000,,116.25,12056100,,50166
2022-12-28 18:56:06.919000,,116.26,12056158,,
2022-12-28 18:56:07.447000,,116.25,12056450,,50167
2022-12-28 18:56:07.974000,,116.26,,,
2022-12-28 18:56:08.502000,,,12056451,,50168
2022-12-28 18:56:09.021000,,116.25,12056479,,
2022-12-28 18:56:09.548000,116.27,116.28,12056795,,50169
2022-12-28 18:56:10.621000,116.26,116.29,12056895,,50170
2022-12-28 18:56:11.133000,116.28,,12056910,,
2022-12-28 18:56:11.653000,116.27,,12056921,,50171
2022-12-28 18:56:12.177000,,,12056954,,
2022-12-28 18:56:13.238000,116.28,116.3,12057095,,50173
2022-12-28 18:56:13.771000,,,12057395,,
2022-12-28 18:56:14.302000,,,12057396,,50174
2022-12-28 18:56:14.835000,116.27,116.29,12057407,,
2022-12-28 18:56:15.875000,116.28,116.3,12057408,,50175
2022-12-28 18:56:16.937000,,,,,50176
2022-12-28 18:56:17.454000,,,12060153,,50177
2022-12-28 18:56:18.487000,116.27,116.29,12060318,,50178
2022-12-28 18:56:19.013000,116.28,116.3,,,
2022-12-28 18:56:19.579000,,,,,50179
2022-12-28 18:56:20.093000,,,12060320,,
2022-12-28 18:56:20.615000,,,,,50180
2022-12-28 18:56:21.153000,,,12060321,,
2022-12-28 18:56:21.688000,116.27,116.29,12060666,,50181
2022-12-28 18:56:22.226000,,116.28,,,
2022-12-28 18:56:22.752000,,,,,50182
2022-12-28 18:56:23.274000,,,12060866,,50183
2022-12-28 18:56:23.809000,116.26,116.27,12061209,,
2022-12-28 18:56:24.312000,116.25,,,,
2022-12-28 18:56:24.853000,,,12061210,,50184
2022-12-28 18:56:25.891000,,116.26,12061218,,50185
2022-12-28 18:56:26.427000,,,12061228,,
2022-12-28 18:56:27.513000,,116.27,12061363,,50187
2022-12-28 18:56:28.017000,,,12061368,,
2022-12-28 18:56:28.561000,,,,,50188
2022-12-28 18:56:29.078000,116.24,116.25,12061658,,
2022-12-28 18:56:29.618000,,116.26,12061862,,50189
2022-12-28 18:56:30.662000,116.26,116.28,12062104,,50190
2022-12-28 18:56:31.186000,,,12062105,,
2022-12-28 18:56:31.691000,,,,,50191
2022-12-28 18:56:32.760000,116.25,116.27,,,50192
2022-12-28 18:56:33.273000,,,,,50193
2022-12-28 18:56:34.294000,,,12062106,,
2022-12-28 18:56:34.821000,,116.26,12062149,,50194
2022-12-28 18:56:35.360000,,,12062150,,
2022-12-28 18:56:35.899000,116.24,,12062475,,50195
2022-12-28 18:56:36.941000,,,,,50196
2022-12-28 18:56:37.445000,,,,,50197
2022-12-28 18:56:37.972000,116.25,,12062583,,
2022-12-28 18:56:38.480000,,,,,50198
2022-12-28 18:56:38.988000,,,12062584,,
2022-12-28 18:56:40.054000,,,,,50199
2022-12-28 18:56:40.580000,,,12062608,,
2022-12-28 18:56:41.094000,,,12062621,,50200
2022-12-28 18:56:42.155000,,,12062623,,
2022-12-28 18:56:42.672000,,,12064070,,50202
2022-12-28 18:56:43.199000,116.23,116.25,12064298,,50203
2022-12-28 18:56:43.734000,,,12064426,,
2022-12-28 18:56:44.241000,116.24,,12064484,,50204
2022-12-28 18:56:45.263000,,,12064739,,
2022-12-28 18:56:45.779000,,,12064740,,50205
2022-12-28 18:56:46.323000,,,12064865,,
2022-12-28 18:56:46.870000,,,12064875,,
2022-12-28 18:56:47.408000,,116.26,,,50207
2022-12-28 18:56:47.927000,,,12065380,,
2022-12-28 18:56:48.432000,,116.25,12065381,,50208
2022-12-28 18:56:49.441000,,,,,50209
2022-12-28 18:56:50.473000,116.25,116.26,12066049,,50210
2022-12-28 18:56:51.015000,116.24,,,,
2022-12-28 18:56:51.560000,,,,,50211
2022-12-28 18:56:52.079000,116.25,,12066152,,
2022-12-28 18:56:52.612000,,,12066554,,50212
2022-12-28 18:56:53.125000,116.24,116.25,12067015,,
2022-12-28 18:56:53.665000,,,12071407,,50213
2022-12-28 18:56:54.173000,116.23,116.24,12071706,,
2022-12-28 18:56:54.686000,,116.25,12071707,,50214
2022-12-28 18:56:55.187000,,,,,50215
2022-12-28 18:56:56.207000,,,12071708,,
2022-12-28 18:56:57.275000,,,,,50217
2022-12-28 18:56:57.799000,116.22,116.24,12072380,,
2022-12-28 18:56:58.833000,,,12072387,,50218
2022-12-28 18:56:59.376000,,,12072403,,50219
2022-12-28 18:56:59.900000,,,12072404,,
2022-12-28 18:57:00.436000,116.24,116.26,12073195,,50220
2022-12-28 18:57:00.974000,,,12073206,,
2022-12-28 18:57:01.495000,,,12073207,,50221
2022-12-28 18:57:02.011000,,116.25,12073407,,
2022-12-28 18:57:02.534000,,,12073456,,50222
2022-12-28 18:57:04.111000,,,,,50223
2022-12-28 18:57:04.636000,,,12073468,,
2022-12-28 18:57:05.169000,,,,,50224
2022-12-28 18:57:05.710000,,,12073668,,50225
2022-12-28 18:57:06.216000,,,12073678,,
2022-12-28 18:57:07.261000,,,12073688,,50227
2022-12-28 18:57:08.314000,,,12073848,,50228
2022-12-28 18:57:08.854000,,,12073858,,
2022-12-28 18:57:09.365000,,,12073859,,
2022-12-28 18:57:09.892000,116.22,116.23,12075369,,50229
2022-12-28 18:57:10.400000,,,,,50230
2022-12-28 18:57:10.947000,,116.24,12075370,,
2022-12-28 18:57:11.473000,116.23,,12075442,,50231
2022-12-28 18:57:12.523000,116.22,116.23,,,50232
2022-12-28 18:57:13.578000,,,12075447,,50233
2022-12-28 18:57:15.119000,116.21,,12075770,,50234
2022-12-28 18:57:15.647000,116.2,116.21,12076171,,50235
2022-12-28 18:57:16.158000,,116.22,12076252,,
2022-12-28 18:57:16.690000,116.19,116.21,12078193,,50236
2022-12-28 18:57:17.208000,,,12078243,,50237
2022-12-28 18:57:17.731000,,,12078443,,
2022-12-28 18:57:18.275000,,,,,50238
2022-12-28 18:57:18.788000,116.18,,12078444,,
2022-12-28 18:57:19.298000,116.19,,12078467,,
2022-12-28 18:57:19.823000,,,12078477,,50239
2022-12-28 18:57:20.369000,,,12078478,,50240
2022-12-28 18:57:21.425000,,,12078482,,
2022-12-28 18:57:21.949000,116.18,116.2,12078706,,50241
2022-12-28 18:57:22.461000,,,,,50242
2022-12-28 18:57:22.987000,,,12078851,,
2022-12-28 18:57:23.510000,,,12078856,,50243
2022-12-28 18:57:24.052000,,116.19,,,
2022-12-28 18:57:24.586000,,,12078876,,50244
2022-12-28 18:57:25.110000,116.19,116.2,12079229,,
2022-12-28 18:57:25.627000,,116.21,12079573,,50245
2022-12-28 18:57:26.139000,,,12079698,,
2022-12-28 18:57:26.678000,,,12079878,,
2022-12-28 18:57:27.180000,,,12080179,,50246
2022-12-28 18:57:28.249000,,,,,50247
2022-12-28 18:57:29.274000,,,12080258,,50248
2022-12-28 18:57:29.797000,,,12080321,,
2022-12-28 18:57:30.847000,,,12080326,,
2022-12-28 18:57:31.932000,,116.2,12080466,,50251
2022-12-28 18:57:32.477000,116.18,116.19,12081234,,50252
2022-12-28 18:57:33.600000,116.17,116.18,12084190,,50253
2022-12-28 18:57:34.708000,116.14,116.16,12084678,,50254
2022-12-28 18:57:35.751000,,,12084691,,50255
2022-12-28 18:57:36.264000,,116.15,12085050,,50256
2022-12-28 18:57:37.349000,,,12085150,,50257
2022-12-28 18:57:38.426000,,,,,50258
2022-12-28 18:57:39.004000,116.11,116.13,12086647,,
2022-12-28 18:57:39.527000,,,,,50259
2022-12-28 18:57:40.544000,,,,,50260
2022-12-28 18:57:41.598000,,,12086648,,
2022-12-28 18:57:42.129000,,,12086748,,50261
2022-12-28 18:57:42.657000,116.12,,12087369,,50262
2022-12-28 18:57:43.185000,116.14,116.15,12088713,,
2022-12-28 18:57:43.711000,,116.16,12088885,,50263
2022-12-28 18:57:44.223000,,,12089044,,50264
2022-12-28 18:57:44.755000,,,12089178,,
2022-12-28 18:57:45.797000,,,,,50265
2022-12-28 18:57:46.332000,116.12,116.15,12089278,,50266
2022-12-28 18:57:46.843000,,,12089353,,
2022-12-28 18:57:47.360000,,,,,50267
2022-12-28 18:57:47.882000,116.13,,12089404,,
2022-12-28 18:57:48.917000,,,12089524,,50268
2022-12-28 18:57:49.434000,116.14,,12089565,,
2022-12-28 18:57:49.980000,116.13,,12089578,,50269
2022-12-28 18:57:50.521000,,,12089650,,50270
2022-12-28 18:57:51.068000,,,12089651,,
2022-12-28 18:57:51.613000,,,,,50271
2022-12-28 18:57:53.168000,116.12,116.13,12092140,,50272
2022-12-28 18:57:53.676000,,,12092150,,50273
2022-12-28 18:57:54.209000,116.13,116.14,12092676,,
2022-12-28 18:57:54.753000,116.12,,,,50274
2022-12-28 18:57:55.292000,,116.13,12092921,,50275
2022-12-28 18:57:55.808000,,,12095666,,
2022-12-28 18:57:56.351000,,,12095667,,
2022-12-28 18:57:56.881000,,,,,50276
2022-12-28 18:57:57.419000,,,12095670,,50277
2022-12-28 18:57:57.963000,,116.14,,,
2022-12-28 18:57:58.494000,,,12095680,,
2022-12-28 18:57:59.034000,,116.13,12095713,,50278
2022-12-28 18:57:59.551000,116.11,116.12,12096290,,50279
2022-12-28 18:58:00.082000,,116.13,,,
2022-12-28 18:58:00.619000,,,,,50280
2022-12-28 18:58:01.137000,116.1,116.12,12098060,,
2022-12-28 18:58:01.685000,116.12,116.13,12099013,,50281
2022-12-28 18:58:02.221000,116.13,116.14,12099189,,50282
2022-12-28 18:58:03.770000,,,12099229,,50283
2022-12-28 18:58:04.295000,116.11,116.13,12099359,,
2022-12-28 18:58:04.836000,,,,,50284
2022-12-28 18:58:05.925000,,,12099749,,50285
2022-12-28 18:58:06.469000,,,12100800,,50286
2022-12-28 18:58:07.504000,116.12,,,,50287
2022-12-28 18:58:08.028000,,,12100877,,
2022-12-28 18:58:08.541000,,,,,50288
2022-12-28 18:58:09.082000,116.11,116.12,12101182,,
2022-12-28 18:58:09.604000,,,,,50289
2022-12-28 18:58:10.147000,,,12101183,,
2022-12-28 18:58:11.179000,,,12101193,,50290
2022-12-28 18:58:12.219000,,,,,50291
2022-12-28 18:58:12.761000,116.1,,12101393,,50292
2022-12-28 18:58:13.264000,,,12104393,,50293
2022-12-28 18:58:13.784000,,,12104623,,
2022-12-28 18:58:14.303000,,,,,50294
2022-12-28 18:58:14.823000,,,12106823,,
2022-12-28 18:58:15.347000,,,,,50295
2022-12-28 18:58:16.379000,,,,,50296
2022-12-28 18:58:16.891000,,,12106826,,
2022-12-28 18:58:17.942000,,,,,50297
2022-12-28 18:58:18.471000,,,12106926,,50298
2022-12-28 18:58:19.554000,,,12106927,,50299
2022-12-28 18:58:20.079000,116.09,116.11,12109582,,
2022-12-28 18:58:20.625000,,,12110082,,50300
2022-12-28 18:58:21.156000,116.1,,12110097,,
2022-12-28 18:58:21.657000,,116.12,12111334,,50301
2022-12-28 18:58:22.191000,,,12111374,,
2022-12-28 18:58:22.736000,,,12111404,,50302
2022-12-28 18:58:23.258000,,,12111408,,50303
2022-12-28 18:58:24.277000,,,,,50304
2022-12-28 18:58:25.335000,,,,,50305
2022-12-28 18:58:26.390000,,,12111409,,50306
2022-12-28 18:58:26.930000,,,12111760,,
2022-12-28 18:58:28.014000,,,12111773,,50307
2022-12-28 18:58:28.533000,,,12111774,,50308
2022-12-28 18:58:29.037000,,,12111775,,
2022-12-28 18:58:29.566000,,,12111776,,50309
2022-12-28 18:58:30.659000,,,12111786,,50310
2022-12-28 18:58:31.180000,,,12111930,,
2022-12-28 18:58:31.724000,116.13,116.14,12115535,,50311
2022-12-28 18:58:32.265000,116.12,,12116544,,50312
2022-12-28 18:58:32.807000,116.11,116.13,12116644,,
2022-12-28 18:58:33.329000,116.1,116.12,12117239,,50313
2022-12-28 18:58:33.859000,,,12117241,,
2022-12-28 18:58:34.365000,116.11,116.13,12119987,,50314
2022-12-28 18:58:34.899000,116.1,116.12,12120497,,
2022-12-28 18:58:35.425000,116.12,116.13,12120597,,50315
2022-12-28 18:58:35.931000,116.13,116.15,12121692,,
2022-12-28 18:58:36.437000,116.12,116.14,12121792,,50316
2022-12-28 18:58:36.971000,,116.13,12121802,,
2022-12-28 18:58:37.477000,116.11,116.12,12121803,,
2022-12-28 18:58:37.994000,116.12,116.13,12121868,,50317
2022-12-28 18:58:38.531000,116.11,,12121869,,50318
2022-12-28 18:58:39.048000,,,12121870,,
2022-12-28 18:58:39.573000,116.1,116.12,12121871,,50319
2022-12-28 18:58:40.637000,,,12121940,,
2022-12-28 18:58:41.165000,,,,,50320
2022-12-28 18:58:41.700000,,,12122040,,50321
2022-12-28 18:58:42.219000,,,12122045,,
2022-12-28 18:58:43.251000,,,12122145,,50322
2022-12-28 18:58:43.776000,116.11,,12122753,,50323
2022-12-28 18:58:44.322000,,,12122860,,
2022-12-28 18:58:44.830000,,,12122875,,50324
2022-12-28 18:58:45.854000,,,12122876,,50325
2022-12-28 18:58:46.391000,116.1,,12123043,,50326
2022-12-28 18:58:46.907000,,,12123113,,
2022-12-28 18:58:47.451000,,,12123143,,50327
2022-12-28 18:58:47.970000,,,12123144,,
2022-12-28 18:58:48.511000,,,12123159,,50328
2022-12-28 18:58:49.545000,116.12,116.13,12125077,,50329
2022-12-28 18:58:50.062000,116.11,,12125227,,
2022-12-28 18:58:50.589000,,116.12,12125729,,50330
2022-12-28 18:58:51.616000,,,,,50331
2022-12-28 18:58:52.639000,116.1,116.11,12125874,,50332
2022-12-28 18:58:53.157000,,,12126074,,
2022-12-28 18:58:53.676000,,,,,50333
2022-12-28 18:58:54.192000,,,12126174,,
2022-12-28 18:58:54.732000,,,,,50334
2022-12-28 18:58:55.272000,,,12126183,,50335
2022-12-28 18:58:55.776000,,,12126387,,
2022-12-28 18:58:56.313000,,,12126437,,50336
2022-12-28 18:58:57.369000,,,12126548,,50337
2022-12-28 18:58:58.414000,,,12126557,,50338
2022-12-28 18:59:00.016000,,,12126558,,50339
2022-12-28 18:59:01.070000,,,12126603,,
2022-12-28 18:59:01.577000,,,12126604,,50341
2022-12-28 18:59:02.095000,,,12126605,,
2022-12-28 18:59:02.610000,116.11,116.12,12127293,,50342
2022-12-28 18:59:03.114000,,,12127296,,
2022-12-28 18:59:03.660000,116.1,116.11,12127405,,50343
2022-12-28 18:59:04.670000,,,12127479,,50344
2022-12-28 18:59:05.192000,,,12129200,,
2022-12-28 18:59:05.696000,116.09,116.1,12130869,,50345
2022-12-28 18:59:06.202000,,,12130870,,
2022-12-28 18:59:07.245000,,,,,50346
2022-12-28 18:59:07.763000,116.06,116.08,12132143,,50347
2022-12-28 18:59:08.281000,,,,,50348
2022-12-28 18:59:08.807000,116.05,116.07,12132393,,
2022-12-28 18:59:09.318000,116.06,116.08,,,50349
2022-12-28 18:59:09.866000,116.07,,12132455,,
2022-12-28 18:59:10.389000,,,12132457,,50350
2022-12-28 18:59:10.891000,,,12132464,,
2022-12-28 18:59:11.413000,,,,,50351
2022-12-28 18:59:11.933000,,,12132506,,
2022-12-28 18:59:12.448000,,,12132839,,50352
2022-12-28 18:59:14.035000,116.09,116.1,12134460,,50353
2022-12-28 18:59:14.560000,116.08,116.09,12134528,,50354
2022-12-28 18:59:15.085000,,116.1,12134584,,
2022-12-28 18:59:15.626000,,,,,50355
2022-12-28 18:59:16.162000,,,12135684,,
2022-12-28 18:59:16.672000,,,,,50356
2022-12-28 18:59:17.180000,,,12135686,,
2022-12-28 18:59:18.219000,116.1,116.11,12136952,,50357
2022-12-28 18:59:18.759000,,,12136967,,50358
2022-12-28 18:59:19.284000,,,12136973,,
2022-12-28 18:59:19.795000,116.09,116.1,12137090,,50359
2022-12-28 18:59:20.299000,,116.11,12137104,,50360
2022-12-28 18:59:20.821000,116.1,,12137106,,
2022-12-28 18:59:21.337000,,,,,50361
2022-12-28 18:59:21.855000,116.09,,,,
2022-12-28 18:59:22.359000,116.1,,12137109,,50362
2022-12-28 18:59:22.873000,116.11,116.12,12138327,,
2022-12-28 18:59:23.420000,116.1,116.11,12138447,,50363
2022-12-28 18:59:24.467000,,,12138448,,50364
2022-12-28 18:59:24.969000,,,12138449,,
2022-12-28 18:59:25.487000,,116.12,12138494,,50365
2022-12-28 18:59:26.538000,,,,,50366
2022-12-28 18:59:27.059000,,,12138517,,
2022-12-28 18:59:27.604000,,,12139108,,50367
2022-12-28 18:59:28.151000,116.09,116.11,12140361,,
2022-12-28 18:59:28.691000,116.1,,,,50368
2022-12-28 18:59:29.205000,,,12140611,,
2022-12-28 18:59:29.718000,,116.12,12140921,,50369
2022-12-28 18:59:30.234000,,,12141321,,
2022-12-28 18:59:30.750000,,,12141630,,50370
2022-12-28 18:59:31.272000,116.13,116.14,12144527,,
2022-12-28 18:59:31.792000,116.12,,12144627,,50371
2022-12-28 18:59:32.304000,,116.13,12144638,,50372
2022-12-28 18:59:33.348000,,,12144712,,50373
2022-12-28 18:59:33.858000,116.1,116.12,12147802,,
2022-12-28 18:59:34.905000,,,,,50374
2022-12-28 18:59:35.957000,,,,,50375
2022-12-28 18:59:36.492000,,,12147902,,50376
2022-12-28 18:59:37.005000,,116.11,12147906,,
2022-12-28 18:59:37.517000,,116.12,12147910,,50377
2022-12-28 18:59:38.037000,,,12147913,,50378
2022-12-28 18:59:39.616000,,,12148016,,50379
2022-12-28 18:59:40.139000,,,12148017,,
2022-12-28 18:59:40.666000,,,12148031,,50380
2022-12-28 18:59:41.210000,116.09,116.11,12150263,,50381
2022-12-28 18:59:41.714000,116.08,116.1,12150268,,
2022-12-28 18:59:42.236000,,116.09,12150366,,50382
2022-12-28 18:59:43.796000,116.06,116.08,12151010,,50383
2022-12-28 18:59:44.341000,116.07,116.09,12151260,,50384
2022-12-28 18:59:44.858000,116.08,,,,
2022-12-28 18:59:45.403000,116.07,,,,50385
2022-12-28 18:59:46.463000,,,,,50386
2022-12-28 18:59:47.007000,116.08,,12151781,,
2022-12-28 18:59:47.548000,,,12151942,,50387
2022-12-28 18:59:48.055000,,,12152043,,
2022-12-28 18:59:48.565000,,,12152527,,50388
2022-12-28 18:59:49.100000,,,12152533,,
2022-12-28 18:59:50.156000,,,12152537,,50389
2022-12-28 18:59:50.658000,116.06,116.08,12153937,,50390
2022-12-28 18:59:51.161000,116.05,116.07,12153944,,
2022-12-28 18:59:51.681000,,,12154495,,
2022-12-28 18:59:52.197000,116.06,,12154559,,50391
2022-12-28 18:59:52.699000,116.05,,12154560,,50392
2022-12-28 18:59:53.208000,,,12154561,,50393
2022-12-28 18:59:53.757000,,,12154562,,
2022-12-28 18:59:54.266000,,,,,50394
2022-12-28 18:59:55.309000,116.06,,12155094,,50395
2022-12-28 18:59:55.849000,,,12155099,,
2022-12-28 18:59:56.364000,116.05,,12157099,,50396
2022-12-28 18:59:56.868000,,116.06,12157109,,
2022-12-28 18:59:57.413000,,,12157166,,50397
2022-12-28 18:59:58.506000,,,12157221,,50398
2022-12-28 18:59:59.039000,116.06,116.07,12158221,,
2022-12-28 18:59:59.561000,,,12158304,,
2022-12-28 19:00:00.090000,116.07,116.09,12159652,,50400
2022-12-28 19:00:00.611000,,116.08,12159838,,
2022-12-28 19:00:01.159000,,,12160010,,50401
2022-12-28 19:00:01.681000,116.05,116.06,12160248,,
2022-12-28 19:00:02.190000,,,12160879,,
2022-12-28 19:00:02.711000,,,12160957,,50402
2022-12-28 19:00:03.220000,,,12160988,,
2022-12-28 19:00:03.746000,,,12161078,,50403
2022-12-28 19:00:04.267000,,,12161080,,
2022-12-28 19:00:04.813000,116.03,116.04,12161993,,50404
2022-12-28 19:00:05.333000,116.04,116.05,12162071,,50405
2022-12-28 19:00:05.853000,116.02,116.04,12162700,,
2022-12-28 19:00:06.368000,,,,,50406
2022-12-28 19:00:06.876000,,,12162708,,
2022-12-28 19:00:07.398000,,,12163058,,50407
2022-12-28 19:00:07.938000,,,12163239,,
2022-12-28 19:00:08.452000,,,12163396,,
2022-12-28 19:00:08.957000,116.03,,12163596,,50408
2022-12-28 19:00:09.495000,116.05,116.06,12164893,,50409
2022-12-28 19:00:10.013000,116.04,,,,
2022-12-28 19:00:10.537000,,,12164993,,50410
2022-12-28 19:00:11.059000,116.05,,12165195,,
2022-12-28 19:00:11.599000,116.08,116.09,12167151,,50411
2022-12-28 19:00:12.119000,,,12168400,,
2022-12-28 19:00:12.636000,116.05,116.07,12168595,,50412
2022-12-28 19:00:13.137000,116.06,,12168696,,50413
2022-12-28 19:00:13.648000,116.05,,,,
2022-12-28 19:00:14.167000,,,12168796,,
2022-12-28 19:00:14.682000,116.06,116.08,12169302,,50414
2022-12-28 19:00:15.185000,,,12169303,,50415
2022-12-28 19:00:15.703000,,,12169404,,
2022-12-28 19:00:16.217000,,,12169505,,50416
2022-12-28 19:00:16.746000,116.07,,,,
2022-12-28 19:00:17.275000,116.06,116.07,,,50417
2022-12-28 19:00:17.786000,,,12169610,,
2022-12-28 19:00:18.865000,116.05,116.06,12169786,,50418
2022-12-28 19:00:19.382000,,,12169787,,50419
2022-12-28 19:00:19.896000,116.04,,12169788,,
2022-12-28 19:00:20.411000,116.03,116.05,12169920,,50420
2022-12-28 19:00:21.502000,,,,,50421
2022-12-28 19:00:22.528000,116.01,116.02,12172560,,50422
2022-12-28 19:00:23.066000,,,12172561,,
2022-12-28 19:00:23.586000,116.02,116.03,12172887,,50423
2022-12-28 19:00:24.129000,116.03,116.04,12172952,,
2022-12-28 19:00:24.665000,,,,,50424
2022-12-28 19:00:25.208000,116.04,116.05,12173256,,
2022-12-28 19:00:25.721000,116.03,116.04,12173470,,50425
2022-12-28 19:00:26.260000,,,12173505,,
2022-12-28 19:00:26.783000,116.02,116.03,12173605,,50426
2022-12-28 19:00:27.330000,,,12173610,,
2022-12-28 19:00:27.865000,,,12173614,,50427
2022-12-28 19:00:28.424000,116.03,116.04,12173785,,50428
2022-12-28 19:00:28.930000,116.04,116.05,12173789,,
2022-12-28 19:00:29.457000,116.03,,12173790,,50429
2022-12-28 19:00:29.961000,,,12173792,,
2022-12-28 19:00:30.521000,116.04,,12173873,,50430
2022-12-28 19:00:31.022000,116.05,116.06,12174848,,
2022-12-28 19:00:31.530000,,,12175168,,50431
2022-12-28 19:00:32.043000,,,12175270,,
2022-12-28 19:00:32.565000,,,12175380,,50432
2022-12-28 19:00:33.068000,116.07,116.08,12175891,,
2022-12-28 19:00:33.599000,116.05,116.07,,,50433
2022-12-28 19:00:34.120000,,,12176106,,
2022-12-28 19:00:34.662000,116.07,116.08,,,50434
2022-12-28 19:00:35.698000,116.09,116.1,12180204,,50435
2022-12-28 19:00:36.219000,,,,,50436
2022-12-28 19:00:36.735000,116.07,116.09,12180558,,
2022-12-28 19:00:37.790000,116.06,116.08,,,50437
2022-12-28 19:00:38.327000,,,12180559,,
2022-12-28 19:00:38.875000,,,12180759,,50438
2022-12-28 19:00:39.378000,,,,,50439
2022-12-28 19:00:39.909000,116.05,116.07,12180809,,
2022-12-28 19:00:40.426000,,,,,50440
2022-12-28 19:00:40.972000,116.06,116.08,12180814,,
2022-12-28 19:00:41.497000,,116.07,12180815,,50441
2022-12-28 19:00:42.006000,,116.08,12180816,,
2022-12-28 19:00:42.546000,,,12181289,,50442
2022-12-28 19:00:43.066000,116.07,,12181452,,
2022-12-28 19:00:43.567000,,,12181454,,
2022-12-28 19:00:44.088000,,,12181455,,50443
2022-12-28 19:00:44.603000,,,12181555,,50444
2022-12-28 19:00:45.150000,,,12181565,,50445
2022-12-28 19:00:45.662000,,,12184520,,
2022-12-28 19:00:46.203000,,,12184521,,
2022-12-28 19:00:46.776000,,,,,50446
2022-12-28 19:00:47.315000,,,,,50447
2022-12-28 19:00:47.861000,,,12184622,,
2022-12-28 19:00:48.380000,,,,,50448
2022-12-28 19:00:50.260000,,,,,50449
2022-12-28 19:00:50.808000,,,12184723,,50450
2022-12-28 19:00:51.322000,,,12184733,,
2022-12-28 19:00:51.864000,116.05,116.07,12184846,,50451
2022-12-28 19:00:52.404000,,,12184853,,
2022-12-28 19:00:52.992000,,116.06,12185053,,50452
2022-12-28 19:00:53.532000,,116.07,12185584,,50453
2022-12-28 19:00:54.575000,,116.06,12185585,,50454
2022-12-28 19:00:55.112000,116.04,,12189779,,50455
2022-12-28 19:00:55.658000,,116.05,,,
2022-12-28 19:00:56.738000,,,,,50456
2022-12-28 19:00:57.755000,116.05,116.06,12190244,,50457
2022-12-28 19:00:58.301000,,,12190259,,
2022-12-28 19:00:58.811000,116.06,116.07,12190481,,50458
2022-12-28 19:00:59.862000,116.07,116.08,12190912,,50459
2022-12-28 19:01:00.397000,116.06,116.07,12191162,,50460
2022-12-28 19:01:01.404000,,,12191164,,50461
2022-12-28 19:01:02.454000,,,12191218,,50462
2022-12-28 19:01:03.511000,,,12191272,,50463
2022-12-28 19:01:04.568000,,,12191274,,50464
2022-12-28 19:01:05.116000,,,12191374,,
2022-12-28 19:01:05.640000,,,12191404,,50465
2022-12-28 19:01:06.166000,116.04,116.06,12192314,,
2022-12-28 19:01:06.688000,116.02,116.04,12192922,,50466
2022-12-28 19:01:07.193000,,116.03,12192998,,
2022-12-28 19:01:07.696000,116.03,116.04,12193205,,50467
2022-12-28 19:01:08.703000,116.02,,12193305,,50468
2022-12-28 19:01:09.771000,,,12193415,,50469
2022-12-28 19:01:10.811000,,,12193416,,50470
2022-12-28 19:01:11.887000,,,12193418,,50471
2022-12-28 19:01:12.429000,,116.03,12194412,,50472
2022-12-28 19:01:12.950000,,,12194620,,
2022-12-28 19:01:13.462000,,,12194635,,50473
2022-12-28 19:01:14.009000,116.03,116.04,12195058,,
2022-12-28 19:01:14.514000,,,12195090,,50474
2022-12-28 19:01:15.059000,,,12195190,,
2022-12-28 19:01:16.109000,,,12195200,,
2022-12-28 19:01:16.626000,,,12196200,,
2022-12-28 19:01:17.128000,116.01,,12198355,,50476
2022-12-28 19:01:17.639000,116.02,116.03,12198540,,50477
2022-12-28 19:01:18.156000,,,12198644,,
2022-12-28 19:01:18.690000,,,12198654,,50478
2022-12-28 19:01:19.192000,,,12198758,,50479
2022-12-28 19:01:20.246000,,,,,50480
2022-12-28 19:01:20.756000,,,12199529,,
2022-12-28 19:01:21.287000,,,12199582,,
2022-12-28 19:01:21.834000,,,12200449,,50481
2022-12-28 19:01:22.908000,,,12200649,,50482
2022-12-28 19:01:23.928000,,,12200851,,50483
2022-12-28 19:01:24.451000,116,116.01,12201538,,50484
2022-12-28 19:01:24.966000,115.98,115.99,12210763,,
2022-12-28 19:01:25.505000,115.97,115.98,12210815,,50485
2022-12-28 19:01:26.043000,115.98,115.99,12210922,,
2022-12-28 19:01:26.545000,115.99,116,,,50486
2022-12-28 19:01:27.049000,,,12212624,,
2022-12-28 19:01:27.569000,,,,,50487
2022-12-28 19:01:28.101000,,,12213003,,
2022-12-28 19:01:29.133000,,,12213173,,50488
2022-12-28 19:01:29.651000,,,12215140,,50489
2022-12-28 19:01:30.697000,115.98,,12215247,,50490
2022-12-28 19:01:31.233000,115.99,,12215248,,50491
2022-12-28 19:01:31.743000,115.98,,,,
2022-12-28 19:01:32.284000,,,12215249,,
2022-12-28 19:01:32.801000,,115.99,12215426,,50492
2022-12-28 19:01:33.308000,115.97,,12215454,,
2022-12-28 19:01:33.857000,115.98,,,,50493
2022-12-28 19:01:34.387000,,,12215460,,
2022-12-28 19:01:34.898000,115.97,,12216788,,50494
2022-12-28 19:01:35.414000,115.99,116,12217603,,50495
2022-12-28 19:01:35.936000,,,12217843,,
2022-12-28 19:01:36.454000,,,12217849,,
2022-12-28 19:01:36.973000,,,,,50496
2022-12-28 19:01:37.488000,116,116.01,12220392,,50497
2022-12-28 19:01:37.991000,,,12220429,,
2022-12-28 19:01:38.538000,,,12220430,,50498
2022-12-28 19:01:39.092000,,,12220444,,
2022-12-28 19:01:39.615000,,,12220492,,50499
2022-12-28 19:01:40.128000,116.02,116.03,12220809,,
2022-12-28 19:01:40.649000,,116.04,12221952,,50500
2022-12-28 19:01:41.186000,116.01,116.03,12221953,,50501
2022-12-28 19:01:41.694000,116.02,116.04,,,
2022-12-28 19:01:42.195000,,,12221954,,50502
2022-12-28 19:01:43.254000,116.01,116.03,12222163,,50503
2022-12-28 19:01:43.787000,,,12222164,,
2022-12-28 19:01:44.290000,,,12222166,,
2022-12-28 19:01:44.792000,116,,,,50504
2022-12-28 19:01:45.300000,,,12222167,,50505
2022-12-28 19:01:45.811000,116.01,,,,
2022-12-28 19:01:46.313000,,116.02,,,50506
2022-12-28 19:01:46.831000,,,12222170,,
2022-12-28 19:01:47.549000,116,,12222525,,50507
2022-12-28 19:01:48.076000,,,12222575,,
2022-12-28 19:01:48.586000,116.01,116.03,,,
2022-12-28 19:01:49.102000,,,12222595,,50508
2022-12-28 19:01:49.603000,,,12222770,,50509
2022-12-28 19:01:50.134000,116.03,116.04,12222804,,
2022-12-28 19:01:50.671000,116.01,116.03,12222929,,50510
2022-12-28 19:01:51.197000,,,12222931,,50511
2022-12-28 19:01:51.706000,,,12222932,,
2022-12-28 19:01:52.228000,116,116.02,,,50512
2022-12-28 19:01:52.737000,,,12222948,,
2022-12-28 19:01:53.282000,116.01,116.03,,,50513
2022-12-28 19:01:54.886000,116,,,,50514
2022-12-28 19:01:55.412000,116.02,,12223188,,50515
2022-12-28 19:01:55.959000,,,12223291,,
2022-12-28 19:01:56.484000,116.01,,12223293,,50516
2022-12-28 19:01:57.002000,116.03,116.04,12223678,,
2022-12-28 19:01:57.533000,,,,,50517
2022-12-28 19:01:58.078000,116.01,116.03,12223839,,
2022-12-28 19:01:58.620000,116.02,116.04,,,50518
2022-12-28 19:01:59.133000,,116.03,12223959,,
2022-12-28 19:01:59.651000,,116.04,12223999,,50519
2022-12-28 19:02:00.717000,116.05,116.06,12225010,,50520
2022-12-28 19:02:01.225000,116.04,,12225011,,
2022-12-28 19:02:01.737000,116.03,116.04,,,50521
2022-12-28 19:02:02.255000,,,12225012,,50522
2022-12-28 19:02:02.769000,,,12225112,,
2022-12-28 19:02:03.284000,,,,,50523
2022-12-28 19:02:03.814000,116.04,116.06,12225416,,
2022-12-28 19:02:04.326000,,,12225517,,50524
2022-12-28 19:02:04.843000,,116.05,12225518,,
2022-12-28 19:02:05.349000,,,12225618,,50525
2022-12-28 19:02:05.869000,116.03,,12226048,,
2022-12-28 19:02:06.394000,,116.04,12226108,,50526
2022-12-28 19:02:07.433000,,,12226208,,50527
2022-12-28 19:02:08.488000,,,12226218,,50528
2022-12-28 19:02:09.541000,,,,,50529
2022-12-28 19:02:10.594000,116.02,116.03,12228431,,50530
2022-12-28 19:02:11.114000,,,12228631,,
2022-12-28 19:02:11.636000,116.01,116.02,12229732,,50531
2022-12-28 19:02:12.152000,116,116.01,12229940,,
2022-12-28 19:02:12.661000,115.98,116,12232151,,50532
2022-12-28 19:02:13.173000,115.99,116.01,12232195,,
2022-12-28 19:02:13.677000,115.98,116,,,50533
2022-12-28 19:02:14.198000,115.99,116.01,12232217,,50534
2022-12-28 19:02:14.721000,,,12232317,,
2022-12-28 19:02:15.238000,,,12232357,,50535
2022-12-28 19:02:16.310000,,,12232383,,50536
2022-12-28 19:02:16.823000,,,12232453,,
2022-12-28 19:02:17.338000,,,12232578,,
2022-12-28 19:02:17.865000,,,12232639,,50537
2022-12-28 19:02:18.377000,,,12232939,,
2022-12-28 19:02:18.891000,,,12233866,,50538
2022-12-28 19:02:19.977000,,,12234367,,50539
2022-12-28 19:02:20.498000,,116,12234398,,50540
2022-12-28 19:02:21.016000,,116.01,12234655,,
2022-12-28 19:02:21.533000,,,12234755,,50541
2022-12-28 19:02:22.044000,,,12234908,,
2022-12-28 19:02:22.551000,,116,12234915,,50542
2022-12-28 19:02:23.095000,,,12234969,,
2022-12-28 19:02:23.628000,116,116.01,12235516,,50543
2022-12-28 19:02:24.159000,115.99,,,,
2022-12-28 19:02:24.667000,,,,,50544
2022-12-28 19:02:25.713000,,,12235716,,
2022-12-28 19:02:26.219000,,,12235848,,50546
2022-12-28 19:02:26.756000,,,12236416,,
2022-12-28 19:02:27.300000,,,12236516,,50547
2022-12-28 19:02:27.818000,,,12236624,,
2022-12-28 19:02:28.352000,,,12236651,,
2022-12-28 19:02:28.874000,,,12236682,,50548
2022-12-28 19:02:29.416000,116,,12236737,,50549
2022-12-28 19:02:30.477000,115.99,116,12237433,,50550
2022-12-28 19:02:31.501000,,,12237434,,
2022-12-28 19:02:32.036000,,,12240519,,50551
2022-12-28 19:02:32.553000,,,,,50552
2022-12-28 19:02:33.610000,,,12240524,,
2022-12-28 19:02:34.679000,,,,,50554
2022-12-28 19:02:35.193000,,,12240597,,
2022-12-28 19:02:35.717000,,,12240798,,50555
2022-12-28 19:02:36.235000,,,12240898,,50556
2022-12-28 19:02:38.322000,,,12240958,,
2022-12-28 19:02:38.849000,116,116.01,12241916,,50558
2022-12-28 19:02:39.391000,116.01,116.02,12243295,,50559
2022-12-28 19:02:39.895000,116,,12243310,,
2022-12-28 19:02:40.423000,,,12245310,,50560
2022-12-28 19:02:40.927000,116.01,,,,
2022-12-28 19:02:41.438000,,,12245317,,50561
2022-12-28 19:02:41.953000,116.03,116.04,12249021,,
2022-12-28 19:02:42.454000,,,12249045,,
2022-12-28 19:02:42.977000,,,12251111,,50562
2022-12-28 19:02:43.502000,116.02,,12251527,,50563
2022-12-28 19:02:44.532000,,116.03,12251577,,
2022-12-28 19:02:45.072000,,,12251578,,50564
2022-12-28 19:02:45.612000,,,12251627,,
2022-12-28 19:02:46.149000,116,116.02,12252127,,50565
2022-12-28 19:02:46.655000,,,12252207,,50566
2022-12-28 19:02:47.694000,116.01,,12252385,,50567
2022-12-28 19:02:48.217000,,,12252536,,50568
2022-12-28 19:02:48.730000,,,12252557,,
2022-12-28 19:02:49.237000,,,12252567,,
2022-12-28 19:02:49.779000,,,12252754,,50569
2022-12-28 19:02:50.296000,,,,,50570
2022-12-28 19:02:51.360000,116,,12254925,,50571
2022-12-28 19:02:51.896000,,116.01,12255225,,
2022-12-28 19:02:52.401000,,,12255232,,50572
2022-12-28 19:02:52.911000,,,12255242,,
2022-12-28 19:02:53.425000,,,,,50573
2022-12-28 19:02:54.446000,116.01,116.02,12255648,,50574
2022-12-28 19:02:54.965000,,,12255862,,
2022-12-28 19:02:55.481000,,,12256248,,50575
2022-12-28 19:02:56.515000,,,12256264,,
2022-12-28 19:02:57.556000,,,12256509,,
2022-12-28 19:02:58.068000,,,,,50577
2022-12-28 19:02:58.569000,,,12256719,,50578
2022-12-28 19:03:00.133000,116.02,116.03,12257403,,50579
2022-12-28 19:03:00.669000,116.03,116.04,12257562,,50580
2022-12-28 19:03:01.218000,116.02,116.03,,,50581
2022-12-28 19:03:01.729000,,116.04,12257623,,
2022-12-28 19:03:02.248000,,,,,50582
2022-12-28 19:03:02.753000,,,12257723,,
2022-12-28 19:03:03.289000,,116.03,12257724,,50583
2022-12-28 19:03:03.796000,,116.04,,,
2022-12-28 19:03:04.300000,,116.03,12257725,,50584
2022-12-28 19:03:04.836000,,116.04,12257726,,
2022-12-28 19:03:05.347000,,116.03,12257774,,50585
2022-12-28 19:03:05.854000,,116.04,12257775,,
2022-12-28 19:03:06.398000,,,,,50586
2022-12-28 19:03:06.918000,116.03,,12260609,,
2022-12-28 19:03:07.426000,116.02,116.03,12261480,,50587
2022-12-28 19:03:08.481000,116.03,116.04,12261720,,50588
2022-12-28 19:03:08.992000,,,12262220,,
2022-12-28 19:03:09.496000,,,12262323,,50589
2022-12-28 19:03:10.038000,116.05,116.07,12263420,,
2022-12-28 19:03:10.581000,116.04,116.06,12263422,,50590
2022-12-28 19:03:11.101000,,,12263561,,
2022-12-28 19:03:12.132000,,116.05,12263570,,50591
2022-12-28 19:03:12.672000,116.05,116.06,12263670,,50592
2022-12-28 19:03:13.202000,116.04,,12263671,,
2022-12-28 19:03:13.713000,,,,,50593
2022-12-28 19:03:14.261000,,116.05,,,50594
2022-12-28 19:03:14.782000,,116.06,12263971,,
2022-12-28 19:03:15.285000,,116.05,12263982,,50595
2022-12-28 19:03:15.819000,,,12264181,,
2022-12-28 19:03:16.337000,,,,,50596
2022-12-28 19:03:16.855000,116.05,116.06,12264403,,
2022-12-28 19:03:17.371000,116.03,116.04,12264775,,50597
2022-12-28 19:03:17.893000,,,12264790,,
2022-12-28 19:03:18.440000,116.01,116.03,12264917,,50598
2022-12-28 19:03:18.944000,,116.02,12264918,,
2022-12-28 19:03:19.468000,,,12265518,,50599
2022-12-28 19:03:19.989000,116,,12266847,,
2022-12-28 19:03:20.503000,115.99,116,12266961,,50600
2022-12-28 19:03:21.035000,,116.01,12267661,,
2022-12-28 19:03:21.545000,,,12269661,,50601
2022-12-28 19:03:22.069000,,116,12269664,,
2022-12-28 19:03:22.585000,,,,,50602
2022-12-28 19:03:23.108000,116,116.01,12269958,,
2022-12-28 19:03:23.620000,,,,,50603
2022-12-28 19:03:24.143000,,116.02,12270008,,
2022-12-28 19:03:24.652000,,,12270009,,50604
2022-12-28 19:03:25.719000,,,12270030,,50605
2022-12-28 19:03:26.244000,,116.01,12270110,,50606
2022-12-28 19:03:26.768000,,,12270135,,
2022-12-28 19:03:27.274000,116.01,116.03,12270137,,50607
2022-12-28 19:03:27.814000,116,116.02,,,
2022-12-28 19:03:28.351000,116.01,116.03,12270483,,50608
2022-12-28 19:03:29.393000,,,12270583,,
2022-12-28 19:03:29.931000,,,,,50609
2022-12-28 19:03:31,116.02,,12270781,,50610
2022-12-28 19:03:31.526000,116.03,116.05,12271618,,50611
2022-12-28 19:03:32.592000,,,12271701,,50612
2022-12-28 19:03:33.129000,116.04,116.06,12272282,,
2022-12-28 19:03:33.661000,,,,,50613
2022-12-28 19:03:34.696000,,,12272301,,
2022-12-28 19:03:35.202000,,,12272411,,
2022-12-28 19:03:35.734000,116.05,116.07,12272412,,50615
2022-12-28 19:03:36.257000,,,12272433,,50616
2022-12-28 19:03:37.268000,116.06,,,,50617
2022-12-28 19:03:37.772000,116.07,116.09,12272900,,
2022-12-28 19:03:38.285000,116.08,,12274083,,
2022-12-28 19:03:38.790000,116.07,,12274109,,50618
2022-12-28 19:03:39.337000,116.08,,12274112,,
2022-12-28 19:03:39.902000,,,12274113,,50619
2022-12-28 19:03:40.441000,,,,,50620
2022-12-28 19:03:40.989000,,,12274153,,
2022-12-28 19:03:41.496000,116.09,116.1,12274461,,50621
2022-12-28 19:03:42,,,12274661,,
2022-12-28 19:03:42.523000,116.1,116.12,12275267,,50622
2022-12-28 19:03:43.035000,116.11,,12275317,,
2022-12-28 19:03:43.554000,,,12275417,,
2022-12-28 19:03:44.074000,,116.13,12276560,,50623
2022-12-28 19:03:44.598000,116.1,116.12,12276561,,50624
2022-12-28 19:03:45.618000,,,12276651,,50625
2022-12-28 19:03:47.172000,,,12276652,,50626
2022-12-28 19:03:47.699000,,,12279443,,50627
2022-12-28 19:03:48.207000,116.11,,12279553,,
2022-12-28 19:03:48.783000,,,12281992,,50628
2022-12-28 19:03:49.820000,116.13,116.14,12283567,,50629
2022-12-28 19:03:50.343000,116.14,116.15,12284883,,50630
2022-12-28 19:03:50.855000,,,12284983,,
2022-12-28 19:03:51.394000,116.13,,12285471,,50631
2022-12-28 19:03:52.453000,116.11,116.13,12285977,,50632
2022-12-28 19:03:52.976000,,,12286177,,
2022-12-28 19:03:53.489000,116.12,116.14,,,50633
2022-12-28 19:03:54.004000,116.13,116.15,12286282,,
2022-12-28 19:03:54.511000,,,,,50634
2022-12-28 19:03:55.033000,,,12286483,,
2022-12-28 19:03:55.546000,,,12286486,,50635
2022-12-28 19:03:56.590000,,,12286488,,50636
2022-12-28 19:03:57.119000,,,12286589,,
2022-12-28 19:03:57.625000,116.14,116.16,12287403,,50637
2022-12-28 19:03:58.133000,,116.15,,,
2022-12-28 19:03:58.638000,116.13,116.14,12287503,,50638
2022-12-28 19:03:59.653000,116.12,116.13,12288285,,50639
2022-12-28 19:04:00.168000,116.13,116.15,12288644,,
2022-12-28 19:04:00.685000,,116.14,12291645,,50640
2022-12-28 19:04:01.203000,,116.15,12291696,,
2022-12-28 19:04:01.745000,116.15,116.16,12292520,,50641
2022-12-28 19:04:02.291000,,,12292656,,
2022-12-28 19:04:02.833000,116.14,,12292657,,50642
2022-12-28 19:04:03.359000,,,12292682,,
2022-12-28 19:04:03.865000,116.15,,12293383,,50643
2022-12-28 19:04:04.407000,,,,,50644
2022-12-28 19:04:04.952000,,,12293400,,
2022-12-28 19:04:05.467000,116.16,116.17,12294282,,50645
2022-12-28 19:04:05.985000,,,12294283,,
2022-12-28 19:04:06.497000,,,12294324,,50646
2022-12-28 19:04:07.535000,116.15,116.16,12294842,,50647
2022-12-28 19:04:08.058000,,116.17,,,
2022-12-28 19:04:08.584000,,,,,50648
2022-12-28 19:04:09.121000,,116.16,12294853,,
2022-12-28 19:04:09.642000,,116.17,,,50649
2022-12-28 19:04:10.693000,,,,,50650
2022-12-28 19:04:11.238000,116.14,116.15,12295543,,50651
2022-12-28 19:04:11.777000,,,12295553,,
2022-12-28 19:04:12.286000,,116.16,12295763,,50652
2022-12-28 19:04:12.804000,116.15,,12295845,,
2022-12-28 19:04:13.332000,,116.17,12295960,,50653
2022-12-28 19:04:13.857000,,,12296210,,
2022-12-28 19:04:14.360000,,116.16,12296270,,50654
2022-12-28 19:04:14.897000,116.16,116.17,12296733,,
2022-12-28 19:04:15.417000,,,12296783,,
2022-12-28 19:04:15.928000,116.14,116.16,12296903,,50655
2022-12-28 19:04:16.441000,116.16,116.17,12298085,,50656
2022-12-28 19:04:16.951000,,,12299017,,
2022-12-28 19:04:17.487000,,,12299045,,
2022-12-28 19:04:18.028000,,,,,50657
2022-12-28 19:04:18.536000,116.15,,,,50658
2022-12-28 19:04:19.043000,,,12299051,,
2022-12-28 19:04:19.555000,,,12299155,,50659
2022-12-28 19:04:20.584000,,116.16,12301872,,50660
2022-12-28 19:04:21.086000,,,12302020,,
2022-12-28 19:04:21.621000,,,12302021,,50661
2022-12-28 19:04:22.677000,116.14,,12302407,,50662
2022-12-28 19:04:23.201000,,,12302862,,
2022-12-28 19:04:23.710000,116.15,,,,50663
2022-12-28 19:04:24.220000,,116.17,12303752,,
2022-12-28 19:04:24.756000,116.16,116.18,12304986,,50664
2022-12-28 19:04:25.268000,,,12305088,,50665
2022-12-28 19:04:25.813000,116.15,116.17,12305296,,
2022-12-28 19:04:26.845000,,116.16,12305339,,50666
2022-12-28 19:04:27.366000,,,,,50667
2022-12-28 19:04:27.884000,,,12305423,,
2022-12-28 19:04:28.391000,,116.17,,,
2022-12-28 19:04:28.895000,,,12305424,,50668
2022-12-28 19:04:29.443000,,,,,50669
2022-12-28 19:04:29.966000,116.16,,12305540,,
2022-12-28 19:04:30.507000,,,12305547,,50670
2022-12-28 19:04:31.030000,,,12305602,,
2022-12-28 19:04:31.564000,,,12305802,,50671
2022-12-28 19:04:32.630000,,,12305803,,50672
2022-12-28 19:04:33.132000,,116.18,12306135,,
2022-12-28 19:04:33.646000,,,12307779,,50673
2022-12-28 19:04:34.171000,,116.17,,,
2022-12-28 19:04:34.693000,116.14,116.16,12309397,,50674
2022-12-28 19:04:35.209000,116.15,,12309497,,
2022-12-28 19:04:35.716000,,,,,50675
2022-12-28 19:04:36.219000,116.14,116.15,12310277,,
2022-12-28 19:04:36.738000,116.13,116.14,12310478,,50676
2022-12-28 19:04:37.249000,,,12310479,,50677
2022-12-28 19:04:37.760000,,116.15,12310938,,
2022-12-28 19:04:38.276000,,116.14,12310939,,50678
2022-12-28 19:04:38.818000,,,12311340,,
2022-12-28 19:04:39.850000,,,12311440,,50679
2022-12-28 19:04:40.378000,116.14,116.15,12312718,,50680
2022-12-28 19:04:40.919000,,,12312920,,
2022-12-28 19:04:41.462000,,,12313098,,50681
2022-12-28 19:04:43.040000,,,,,50682
2022-12-28 19:04:43.546000,,,12313598,,
2022-12-28 19:04:44.080000,116.13,116.14,12313900,,50683
2022-12-28 19:04:44.613000,,,,,50684
2022-12-28 19:04:45.135000,116.11,116.13,12315471,,
2022-12-28 19:04:45.637000,116.09,116.11,12315985,,50685
2022-12-28 19:04:46.181000,116.1,116.12,12316295,,
2022-12-28 19:04:46.730000,116.09,116.11,12316296,,50686
2022-12-28 19:04:47.239000,,,,,50687
2022-12-28 19:04:48.253000,,116.1,,,50688
2022-12-28 19:04:49.319000,,,12316297,,
2022-12-28 19:04:49.834000,,,,,50689
2022-12-28 19:04:50.377000,,,12316298,,
2022-12-28 19:04:50.902000,,,,,50690
2022-12-28 19:04:51.988000,,,12316299,,50691
2022-12-28 19:04:52.535000,,116.11,12316604,,50692
2022-12-28 19:04:53.072000,,116.1,,,
2022-12-28 19:04:53.587000,,,12316614,,50693
2022-12-28 19:04:54.110000,,,12316615,,
2022-12-28 19:04:54.633000,116.1,116.11,12316716,,50694
2022-12-28 19:04:55.153000,116.09,,12316743,,
2022-12-28 19:04:55.697000,116.12,116.13,12317201,,50695
2022-12-28 19:04:56.234000,,116.14,,,
2022-12-28 19:04:56.741000,,,12318087,,50696
2022-12-28 19:04:57.285000,,,12318350,,50697
2022-12-28 19:04:57.804000,116.13,,,,
2022-12-28 19:04:58.339000,116.12,,12318701,,50698
2022-12-28 19:04:58.842000,,,12318726,,
2022-12-28 19:04:59.354000,,,12318754,,
2022-12-28 19:04:59.862000,,,12318954,,50699
2022-12-28 19:05:00.363000,,116.13,,,50700
2022-12-28 19:05:00.869000,,,12319174,,
2022-12-28 19:05:01.381000,,116.14,12319375,,50701
2022-12-28 19:05:01.886000,116.13,,12319924,,
2022-12-28 19:05:02.435000,,,,,50702
2022-12-28 19:05:02.945000,,,12319960,,
2022-12-28 19:05:03.458000,116.12,,12320062,,50703
2022-12-28 19:05:04.523000,116.11,116.12,12320600,,50704
2022-12-28 19:05:05.042000,,,12320603,,
2022-12-28 19:05:05.578000,,,,,50705
2022-12-28 19:05:06.102000,116.12,116.14,12320703,,
2022-12-28 19:05:06.627000,116.11,116.13,12321228,,50706
2022-12-28 19:05:07.152000,,116.12,,,
2022-12-28 19:05:07.669000,116.1,,12321438,,50707
2022-12-28 19:05:08.701000,,,,,50708
2022-12-28 19:05:09.214000,,,12321739,,
2022-12-28 19:05:09.747000,116.12,116.14,12321842,,50709
2022-12-28 19:05:10.252000,116.13,,12322442,,50710
2022-12-28 19:05:10.791000,,,12322492,,
2022-12-28 19:05:11.842000,116.14,116.15,12322711,,50711
2022-12-28 19:05:12.354000,116.13,,,,50712
2022-12-28 19:05:12.896000,,,12322714,,
2022-12-28 19:05:13.405000,,116.14,,,
2022-12-28 19:05:13.931000,116.12,,12322816,,50713
2022-12-28 19:05:14.478000,116.13,,,,50714
2022-12-28 19:05:15.009000,,116.15,,,
2022-12-28 19:05:15.517000,116.11,116.14,12322817,,50715
2022-12-28 19:05:16.064000,116.12,,12322837,,
2022-12-28 19:05:16.574000,,,12322838,,50716
2022-12-28 19:05:17.099000,116.13,116.15,12322938,,
2022-12-28 19:05:17.613000,116.12,116.14,12323041,,50717
2022-12-28 19:05:18.155000,116.14,116.16,12323760,,
2022-12-28 19:05:18.718000,,116.15,,,50718
2022-12-28 19:05:19.301000,116.13,,,,50719
2022-12-28 19:05:20.320000,,,12323780,,50720
2022-12-28 19:05:20.835000,116.15,116.17,12324016,,
2022-12-28 19:05:21.346000,,,,,50721
2022-12-28 19:05:22.418000,,,12324017,,50722
2022-12-28 19:05:22.958000,,,12324117,,
2022-12-28 19:05:24.010000,,,,,50723
2022-12-28 19:05:24.521000,,,,,50724
2022-12-28 19:05:25.600000,116.16,,12324225,,50725
2022-12-28 19:05:26.117000,116.14,116.15,12324488,,
2022-12-28 19:05:26.629000,116.13,,12324502,,50726
2022-12-28 19:05:27.157000,,116.14,12325681,,
2022-12-28 19:05:27.679000,116.11,116.12,12325782,,50727
2022-12-28 19:05:28.699000,,,,,50728
2022-12-28 19:05:29.737000,,,,,50729
2022-12-28 19:05:30.261000,,,12326686,,
2022-12-28 19:05:30.778000,,,12326688,,50730
2022-12-28 19:05:31.298000,,,12327033,,50731
2022-12-28 19:05:31.817000,,,12327233,,
2022-12-28 19:05:32.337000,116.09,116.11,12327537,,
2022-12-28 19:05:32.877000,,116.1,12327853,,50732
2022-12-28 19:05:33.394000,,,12327954,,
2022-12-28 19:05:33.941000,,,12328155,,50733
2022-12-28 19:05:34.480000,116.1,116.11,12328556,,
2022-12-28 19:05:35.018000,116.09,116.1,12329213,,50734
2022-12-28 19:05:35.562000,,,12329313,,50735
2022-12-28 19:05:36.067000,,,12329513,,
2022-12-28 19:05:36.602000,,,12330405,,50736
2022-12-28 19:05:37.123000,,,12330505,,
2022-12-28 19:05:37.638000,,,12330905,,50737
2022-12-28 19:05:38.184000,116.07,116.09,12331978,,
2022-12-28 19:05:38.701000,,,12333329,,50738
2022-12-28 19:05:39.222000,,116.08,12333534,,
2022-12-28 19:05:39.730000,116.08,116.09,12333841,,50739
2022-12-28 19:05:40.260000,,,12334546,,50740
2022-12-28 19:05:40.769000,116.07,,12335358,,
2022-12-28 19:05:41.295000,,,12335442,,50741
2022-12-28 19:05:41.843000,116.06,116.08,12335658,,
2022-12-28 19:05:42.363000,,,12336108,,50742
2022-12-28 19:05:42.867000,,,12336808,,
2022-12-28 19:05:43.388000,,116.07,12337008,,50743
2022-12-28 19:05:43.963000,,,12337009,,
2022-12-28 19:05:44.493000,,,12337309,,50744
2022-12-28 19:05:45.025000,,,12338331,,
2022-12-28 19:05:45.540000,116.08,116.1,12340726,,50745
2022-12-28 19:05:46.059000,,,12341022,,
2022-12-28 19:05:46.586000,116.07,116.09,12341223,,50746
2022-12-28 19:05:47.121000,,,12341433,,
2022-12-28 19:05:47.640000,,,,,50747
2022-12-28 19:05:48.153000,116.08,,12341810,,
2022-12-28 19:05:48.673000,,,12341911,,50748
2022-12-28 19:05:49.217000,116.06,116.08,12342653,,
2022-12-28 19:05:49.752000,116.07,,12344013,,50749
2022-12-28 19:05:50.273000,116.06,,12344213,,50750
2022-12-28 19:05:50.781000,,,12344513,,
2022-12-28 19:05:51.286000,,,12347908,,50751
2022-12-28 19:05:52.306000,,,12348108,,
2022-12-28 19:05:52.825000,,,12348408,,50752
2022-12-28 19:05:53.344000,116.07,,12349658,,50753
2022-12-28 19:05:53.892000,,,12349989,,
2022-12-28 19:05:54.433000,,,,,50754
2022-12-28 19:05:54.970000,116.06,116.07,12350290,,
2022-12-28 19:05:55.507000,,,12351090,,50755
2022-12-28 19:05:56.546000,,,12351773,,50756
2022-12-28 19:05:57.076000,,,12351973,,
2022-12-28 19:05:57.612000,116.07,116.08,12353183,,50757
2022-12-28 19:05:58.150000,,,12353392,,
2022-12-28 19:05:58.666000,116.08,116.11,12355628,,50758
2022-12-28 19:05:59.242000,,116.1,12355826,,
2022-12-28 19:05:59.759000,,,12356322,,50759
2022-12-28 19:06:00.279000,116.07,116.09,12356678,,50760
2022-12-28 19:06:00.787000,,,12356778,,
2022-12-28 19:06:01.316000,116.08,,,,
2022-12-28 19:06:01.838000,,,,,50761
2022-12-28 19:06:02.879000,,,12357000,,50762
2022-12-28 19:06:03.417000,,,12357023,,
2022-12-28 19:06:04.466000,,116.1,12357240,,50764
2022-12-28 19:06:04.983000,,,12357290,,
2022-12-28 19:06:05.526000,,,12357391,,50765
2022-12-28 19:06:06.063000,116.12,116.13,12358735,,
2022-12-28 19:06:06.565000,116.14,116.15,12359765,,50766
2022-12-28 19:06:07.626000,,,12362551,,50767
2022-12-28 19:06:08.148000,,116.16,12362966,,
2022-12-28 19:06:08.660000,,116.17,12363045,,50768
2022-12-28 19:06:09.167000,,116.16,,,
2022-12-28 19:06:10.216000,,,12363146,,
2022-12-28 19:06:10.740000,116.13,116.14,12364534,,50770
2022-12-28 19:06:11.247000,,,12364586,,
2022-12-28 19:06:11.774000,116.12,116.13,12364889,,50771
2022-12-28 19:06:12.303000,,,12364899,,
2022-12-28 19:06:12.813000,,,,,50772
2022-12-28 19:06:13.339000,116.13,116.15,12365264,,50773
2022-12-28 19:06:13.847000,116.12,116.14,,,
2022-12-28 19:06:14.396000,,,12365284,,50774
2022-12-28 19:06:14.915000,,116.13,,,
2022-12-28 19:06:15.966000,,116.14,,,50775
2022-12-28 19:06:16.468000,116.13,,12365287,,50776
2022-12-28 19:06:17.535000,116.14,116.16,12365592,,50777
2022-12-28 19:06:18.075000,116.15,,,,
2022-12-28 19:06:18.581000,116.14,,12366118,,50778
2022-12-28 19:06:19.119000,,116.15,12366168,,
2022-12-28 19:06:19.635000,,,12366397,,50779
2022-12-28 19:06:20.160000,116.13,116.14,12366417,,
2022-12-28 19:06:20.694000,,,12366418,,50780
2022-12-28 19:06:21.206000,116.12,,12366690,,
2022-12-28 19:06:21.734000,116.13,116.15,12366790,,50781
2022-12-28 19:06:22.270000,,116.14,,,
2022-12-28 19:06:22.779000,,116.15,,,50782
2022-12-28 19:06:23.289000,116.12,116.14,,,50783
2022-12-28 19:06:23.834000,116.13,116.15,,,
2022-12-28 19:06:24.380000,,,12366835,,
2022-12-28 19:06:24.889000,,116.14,12366843,,50784
2022-12-28 19:06:25.432000,,,,,50785
2022-12-28 19:06:26.454000,,,12366944,,
2022-12-28 19:06:26.968000,,116.15,,,50786
2022-12-28 19:06:27.500000,,,12366947,,50787
2022-12-28 19:06:28.016000,116.12,116.13,12367305,,
2022-12-28 19:06:28.542000,,116.14,,,50788
2022-12-28 19:06:29.074000,,,12367306,,
2022-12-28 19:06:29.578000,,,,,50789
2022-12-28 19:06:30.661000,,,12367326,,50790
2022-12-28 19:06:31.163000,116.1,116.12,12367327,,
2022-12-28 19:06:32.237000,116.13,116.15,12368046,,50791
2022-12-28 19:06:32.771000,116.12,116.14,12368121,,50792
2022-12-28 19:06:33.301000,116.13,,12368485,,50793
2022-12-28 19:06:33.878000,,116.15,,,
2022-12-28 19:06:35.495000,,,12371289,,50794
2022-12-28 19:06:35.998000,,,12371789,,50795
2022-12-28 19:06:36.531000,116.17,116.19,12373253,,50796
2022-12-28 19:06:37.033000,,,12373255,,
2022-12-28 19:06:37.563000,116.16,116.18,12373562,,50797
2022-12-28 19:06:38.630000,116.15,,,,50798
2022-12-28 19:06:39.164000,116.16,,12373563,,
2022-12-28 19:06:39.688000,116.17,,12373611,,50799
2022-12-28 19:06:40.225000,116.16,,,,
2022-12-28 19:06:40.751000,,,12373612,,
2022-12-28 19:06:41.252000,,,,,50800
2022-12-28 19:06:41.762000,116.15,116.17,12373882,,50801
2022-12-28 19:06:42.295000,,,12373883,,50802
2022-12-28 19:06:42.807000,,116.16,,,
2022-12-28 19:06:43.340000,,,12374040,,50803
2022-12-28 19:06:43.883000,116.13,116.15,12374140,,
2022-12-28 19:06:44.431000,,,12374143,,
2022-12-28 19:06:44.973000,,,12374145,,50804
2022-12-28 19:06:45.487000,116.14,,,,50805
2022-12-28 19:06:45.989000,116.13,,12374157,,
2022-12-28 19:06:46.532000,,,12374307,,50806
2022-12-28 19:06:47.047000,,116.14,12374317,,
2022-12-28 19:06:47.587000,,,,,50807
2022-12-28 19:06:48.109000,,116.15,,,
2022-12-28 19:06:48.623000,,,12374357,,50808
2022-12-28 19:06:49.148000,116.14,116.16,12374382,,
2022-12-28 19:06:50.206000,116.17,116.18,12374964,,50809
2022-12-28 19:06:50.744000,,,12375014,,50810
2022-12-28 19:06:51.248000,116.16,116.17,12375116,,
2022-12-28 19:06:51.771000,,116.18,,,50811
2022-12-28 19:06:53.861000,116.17,,12375230,,50813
2022-12-28 19:06:54.377000,,,12377975,,50814
2022-12-28 19:06:54.899000,,,12378175,,
2022-12-28 19:06:56.541000,,,12379110,,50816
2022-12-28 19:06:57.598000,,,12379194,,50817
2022-12-28 19:06:58.099000,,116.19,12379790,,
2022-12-28 19:06:58.644000,,,,,50818
2022-12-28 19:06:59.708000,116.19,116.2,12379936,,50819
2022-12-28 19:07:00.229000,,,12380087,,
2022-12-28 19:07:00.733000,116.2,116.21,12382066,,50820
2022-12-28 19:07:01.272000,116.17,116.19,12382277,,50821
2022-12-28 19:07:01.776000,,,12382689,,
2022-12-28 19:07:02.279000,,,,,50822
2022-12-28 19:07:02.805000,116.16,116.18,12382910,,
2022-12-28 19:07:03.344000,,116.17,12383114,,50823
2022-12-28 19:07:03.860000,,,12383115,,
2022-12-28 19:07:04.391000,,116.18,,,
2022-12-28 19:07:04.929000,116.17,,12383245,,50824
2022-12-28 19:07:05.456000,,116.19,12383248,,
2022-12-28 19:07:05.989000,116.16,116.17,12384775,,50825
2022-12-28 19:07:06.518000,116.15,116.16,12385439,,50826
2022-12-28 19:07:07.555000,116.16,116.17,12385619,,50827
2022-12-28 19:07:08.620000,,,,,50828
2022-12-28 19:07:09.136000,,,12385965,,
2022-12-28 19:07:09.649000,,,12386085,,
2022-12-28 19:07:10.195000,,,12386185,,50829
2022-12-28 19:07:10.738000,,,12386187,,50830
2022-12-28 19:07:11.248000,,,12386188,,
2022-12-28 19:07:11.806000,,,12386190,,50831
2022-12-28 19:07:12.329000,,,12386745,,50832
2022-12-28 19:07:12.863000,,,12387316,,
2022-12-28 19:07:13.369000,,,12387317,,
2022-12-28 19:07:13.880000,,,12387327,,
2022-12-28 19:07:14.419000,,,,,50833
2022-12-28 19:07:14.967000,,,,,50834
2022-12-28 19:07:15.490000,116.15,,12391463,,50835
2022-12-28 19:07:16.032000,116.13,116.15,12392817,,
2022-12-28 19:07:16.539000,,,12392927,,50836
2022-12-28 19:07:17.068000,,,12393328,,
2022-12-28 19:07:17.570000,,116.14,12394080,,50837
2022-12-28 19:07:18.098000,116.11,116.12,12395431,,
2022-12-28 19:07:18.614000,116.12,116.13,12395469,,50838
2022-12-28 19:07:19.117000,,116.14,12395535,,
2022-12-28 19:07:19.661000,116.1,116.12,12395809,,50839
2022-12-28 19:07:20.178000,,,12395810,,
2022-12-28 19:07:20.726000,,,,,50840
2022-12-28 19:07:21.258000,,,12395995,,
2022-12-28 19:07:21.769000,,,,,50841
2022-12-28 19:07:22.306000,,,12396543,,50842
2022-12-28 19:07:22.956000,,116.11,12396845,,
2022-12-28 19:07:23.497000,,,,,50843
2022-12-28 19:07:24.530000,116.11,116.12,12398343,,50844
2022-12-28 19:07:25.050000,,116.13,12399161,,
2022-12-28 19:07:25.593000,116.13,116.15,12399444,,50845
2022-12-28 19:07:26.136000,116.12,116.14,12399458,,
2022-12-28 19:07:27.665000,,,12399459,,50847
2022-12-28 19:07:28.712000,116.13,,,,50848
2022-12-28 19:07:29.226000,,116.15,12399659,,
2022-12-28 19:07:29.732000,,,12399702,,50849
2022-12-28 19:07:30.273000,,,,,50850
2022-12-28 19:07:31.324000,116.15,116.16,12400153,,50851
2022-12-28 19:07:31.844000,116.16,116.17,12400437,,
2022-12-28 19:07:32.365000,,,,,50852
2022-12-28 19:07:32.891000,,,12400438,,
2022-12-28 19:07:33.398000,,116.18,12400840,,50853
2022-12-28 19:07:33.937000,,,12400941,,
2022-12-28 19:07:34.474000,,,12400946,,
2022-12-28 19:07:34.990000,,,12401046,,50854
2022-12-28 19:07:35.534000,,,12401147,,50855
2022-12-28 19:07:36.054000,,116.17,12401448,,
2022-12-28 19:07:36.577000,,116.18,12401524,,50856
2022-12-28 19:07:37.083000,,,12401525,,50857
2022-12-28 19:07:37.627000,,116.17,,,
2022-12-28 19:07:38.169000,,116.18,12402786,,
2022-12-28 19:07:38.679000,,,,,50858
2022-12-28 19:07:39.191000,116.17,,12402788,,
2022-12-28 19:07:39.706000,,,12402789,,50859
2022-12-28 19:07:40.992000,,,,,50860
2022-12-28 19:07:41.507000,116.16,,12402831,,50861
2022-12-28 19:07:42.551000,,,12403131,,50862
2022-12-28 19:07:43.063000,116.14,116.16,12403433,,50863
2022-12-28 19:07:43.604000,116.16,116.18,12403628,,
2022-12-28 19:07:44.143000,,,12403729,,50864
2022-12-28 19:07:44.668000,,,12403829,,
2022-12-28 19:07:45.752000,116.15,116.17,12403929,,50865
2022-12-28 19:07:46.298000,116.14,116.16,,,50866
2022-12-28 19:07:46.825000,,,12404310,,
2022-12-28 19:07:47.881000,,,12404311,,50867
2022-12-28 19:07:48.406000,,,12404411,,
2022-12-28 19:07:48.923000,,,12404612,,50868
2022-12-28 19:07:49.435000,116.15,116.17,,,
2022-12-28 19:07:49.942000,,,12404812,,50869
2022-12-28 19:07:50.476000,,,12405312,,50870
2022-12-28 19:07:51.008000,,,12405413,,
2022-12-28 19:07:51.525000,,,,,50871
2022-12-28 19:07:52.055000,116.16,116.18,,,
2022-12-28 19:07:52.560000,,,12405514,,50872
2022-12-28 19:07:53.105000,,,12405614,,
2022-12-28 19:07:54.172000,,,12405686,,50873
2022-12-28 19:07:54.676000,116.17,,12405691,,50874
2022-12-28 19:07:55.218000,,116.19,12408318,,
2022-12-28 19:07:55.759000,,,12408860,,50875
2022-12-28 19:07:56.301000,116.16,116.18,12409003,,50876
2022-12-28 19:07:56.807000,,,12409068,,
2022-12-28 19:07:57.351000,,,12409069,,
2022-12-28 19:07:57.858000,,116.17,12409070,,50877
2022-12-28 19:07:58.386000,,116.18,12409190,,50878
2022-12-28 19:07:59.433000,,,12409217,,
2022-12-28 19:07:59.970000,,,,,50879
2022-12-28 19:08:00.496000,,,12409218,,50880
2022-12-28 19:08:01.007000,,,12409219,,
2022-12-28 19:08:01.554000,,116.17,12409220,,50881
2022-12-28 19:08:02.056000,,,12409223,,
2022-12-28 19:08:02.590000,,,12409230,,50882
2022-12-28 19:08:03.130000,,,12409232,,
2022-12-28 19:08:03.634000,116.14,116.16,12409332,,50883
2022-12-28 19:08:04.135000,,,,,50884
2022-12-28 19:08:04.641000,116.15,,12409342,,
2022-12-28 19:08:05.701000,116.14,,12409343,,50885
2022-12-28 19:08:06.248000,,,,,50886
2022-12-28 19:08:06.770000,,116.15,12409445,,
2022-12-28 19:08:07.291000,,116.16,12409598,,
2022-12-28 19:08:07.807000,116.15,116.17,12409730,,50887
2022-12-28 19:08:08.328000,,,,,50888
2022-12-28 19:08:08.849000,116.14,,12409755,,
2022-12-28 19:08:09.371000,116.15,,12409756,,50889
2022-12-28 19:08:10.919000,,,,,50890
2022-12-28 19:08:11.437000,116.14,116.16,,,
2022-12-28 19:08:11.960000,,,12409957,,50891
2022-12-28 19:08:12.504000,,,12409958,,50892
2022-12-28 19:08:13.047000,,116.15,,,
2022-12-28 19:08:13.559000,,,12410209,,
2022-12-28 19:08:14.061000,,,12411458,,50893
2022-12-28 19:08:14.568000,,,,,50894
2022-12-28 19:08:15.595000,,,,,50895
2022-12-28 19:08:16.130000,,,12411459,,
2022-12-28 19:08:16.669000,116.13,116.14,12411910,,50896
2022-12-28 19:08:17.194000,,,12411911,,
2022-12-28 19:08:17.739000,,,,,50897
2022-12-28 19:08:18.771000,,,,,50898
2022-12-28 19:08:19.276000,,,12412011,,
2022-12-28 19:08:19.815000,,,12412309,,
2022-12-28 19:08:20.357000,116.11,116.13,12412767,,50900
2022-12-28 19:08:20.906000,,116.12,,,
2022-12-28 19:08:21.422000,116.1,116.11,12412967,,50901
2022-12-28 19:08:22.463000,,,12413122,,50902
2022-12-28 19:08:22.990000,116.11,116.12,12413228,,
2022-12-28 19:08:23.520000,,,12413232,,50903
2022-12-28 19:08:24.027000,116.1,,12413263,,
2022-12-28 19:08:24.573000,,,12413264,,50904
2022-12-28 19:08:25.077000,,,,,50905
2022-12-28 19:08:26.116000,116.09,116.1,12413690,,50906
2022-12-28 19:08:26.619000,,,12413791,,
2022-12-28 19:08:27.656000,,,12414546,,50907
2022-12-28 19:08:28.192000,,,12414846,,50908
2022-12-28 19:08:28.702000,116.08,116.09,12415246,,
2022-12-28 19:08:29.257000,116.06,116.08,12416655,,50909
2022-12-28 19:08:30.270000,,,12416955,,50910
2022-12-28 19:08:30.771000,,,12417355,,
2022-12-28 19:08:31.305000,116.08,116.09,12418261,,50911
2022-12-28 19:08:31.826000,,116.1,12418362,,
2022-12-28 19:08:32.342000,,116.09,12418363,,50912
2022-12-28 19:08:33.406000,116.09,116.1,12418586,,50913
2022-12-28 19:08:34.493000,116.07,116.09,12418790,,50914
2022-12-28 19:08:35.035000,116.09,116.1,12419265,,
2022-12-28 19:08:35.557000,,,,,50915
2022-12-28 19:08:36.586000,,,12419310,,50916
2022-12-28 19:08:37.102000,,,12419705,,
2022-12-28 19:08:37.607000,,,,,50917
2022-12-28 19:08:38.632000,116.08,116.09,12419910,,50918
2022-12-28 19:08:39.145000,,116.1,12419912,,
2022-12-28 19:08:39.670000,,116.09,,,50919
2022-12-28 19:08:40.193000,,116.1,12421192,,
2022-12-28 19:08:40.732000,116.07,116.09,12421562,,50920
2022-12-28 19:08:41.242000,116.08,116.1,,,
2022-12-28 19:08:41.750000,,,12421566,,50921
2022-12-28 19:08:42.289000,116.06,116.08,12422943,,
2022-12-28 19:08:42.827000,,,,,50922
2022-12-28 19:08:43.354000,116.07,,12422966,,50923
2022-12-28 19:08:43.875000,,116.09,12423066,,
2022-12-28 19:08:44.410000,,,12423076,,50924
2022-12-28 19:08:45.428000,116.08,,12423151,,50925
2022-12-28 19:08:46.461000,,,,,50926
2022-12-28 19:08:46.967000,,116.1,12423645,,
2022-12-28 19:08:47.516000,,,12423646,,50927
2022-12-28 19:08:48.035000,116.07,116.08,12424201,,
2022-12-28 19:08:48.559000,,,12424221,,50928
2022-12-28 19:08:49.097000,,,12424241,,
2022-12-28 19:08:50.160000,116.08,116.1,12424646,,50930
2022-12-28 19:08:50.701000,,,12424648,,
2022-12-28 19:08:51.274000,,,12424738,,
2022-12-28 19:08:51.777000,,,12424828,,50931
2022-12-28 19:08:52.785000,,,12424856,,50932
2022-12-28 19:08:53.320000,,,12424956,,50933
2022-12-28 19:08:53.835000,116.07,,12424961,,
2022-12-28 19:08:54.359000,,116.09,,,
2022-12-28 19:08:54.880000,,116.1,12425004,,50934
2022-12-28 19:08:55.400000,,116.09,,,50935
2022-12-28 19:08:55.910000,,116.08,12425005,,
2022-12-28 19:08:56.421000,,,12425233,,50936
2022-12-28 19:08:57.432000,116.08,116.09,12425335,,50937
2022-12-28 19:08:57.946000,,,12425337,,
2022-12-28 19:08:58.470000,116.09,116.11,12425437,,50938
2022-12-28 19:08:58.987000,,116.1,12425617,,
2022-12-28 19:08:59.488000,,,12425626,,50939
2022-12-28 19:09:00.028000,,,12425657,,
2022-12-28 19:09:00.554000,,,12425679,,
2022-12-28 19:09:01.063000,116.08,,12425806,,50940
2022-12-28 19:09:01.590000,,,12425849,,50941
2022-12-28 19:09:02.128000,,,12425877,,
2022-12-28 19:09:02.630000,,,12425977,,
2022-12-28 19:09:03.669000,116.07,116.09,12425989,,50943
2022-12-28 19:09:04.171000,116.08,,12426024,,
2022-12-28 19:09:04.673000,,116.1,12426025,,50944
2022-12-28 19:09:05.710000,116.09,116.11,12426026,,50945
2022-12-28 19:09:07.252000,116.1,,12426754,,50947
2022-12-28 19:09:07.779000,,,12426757,,
2022-12-28 19:09:08.307000,,,12429569,,50948
2022-12-28 19:09:08.836000,,,12429670,,
2022-12-28 19:09:09.361000,,,,,50949
2022-12-28 19:09:10.383000,,,12429679,,50950
2022-12-28 19:09:10.909000,116.09,116.1,12430122,,
2022-12-28 19:09:11.439000,,,12430126,,50951
2022-12-28 19:09:11.946000,116.06,116.08,12431865,,
2022-12-28 19:09:12.452000,,,12432065,,50952
2022-12-28 19:09:12.977000,,116.07,12432088,,
2022-12-28 19:09:13.501000,,,12432488,,50953
2022-12-28 19:09:14.046000,116.07,116.09,12432588,,
2022-12-28 19:09:14.574000,,,,,50954
2022-12-28 19:09:15.097000,,,12432661,,
2022-12-28 19:09:15.606000,,116.08,12433731,,50955
2022-12-28 19:09:16.112000,,116.09,12433857,,
2022-12-28 19:09:16.637000,,,12434379,,50956
2022-12-28 19:09:17.146000,,,12434380,,
2022-12-28 19:09:17.666000,116.05,116.07,12435708,,50957
2022-12-28 19:09:18.812000,,,12435710,,50958
2022-12-28 19:09:19.348000,116.06,116.08,12435735,,50959
2022-12-28 19:09:19.860000,116.07,116.09,12435742,,
2022-12-28 19:09:20.937000,116.06,,12436042,,50960
2022-12-28 19:09:21.448000,,116.08,,,50961
2022-12-28 19:09:21.954000,,,12436064,,
2022-12-28 19:09:22.464000,,,,,50962
2022-12-28 19:09:23.010000,,,12436164,,
2022-12-28 19:09:24.024000,,116.07,12436575,,50963
2022-12-28 19:09:24.546000,,,12436576,,50964
2022-12-28 19:09:25.084000,116.05,116.06,12437900,,50965
2022-12-28 19:09:25.628000,,,12438222,,
2022-12-28 19:09:26.172000,116.01,116.03,12438433,,50966
2022-12-28 19:09:26.691000,,,12438474,,
2022-12-28 19:09:27.210000,116.02,,12438536,,50967
2022-12-28 19:09:27.720000,116.03,116.04,12438746,,
2022-12-28 19:09:28.224000,,,12438756,,
2022-12-28 19:09:29.277000,116.04,116.05,,,50968
2022-12-28 19:09:29.784000,,116.06,12438757,,50969
2022-12-28 19:09:30.859000,,116.05,12439717,,50970
2022-12-28 19:09:31.403000,116.05,116.07,12440729,,50971
2022-12-28 19:09:32.443000,116.04,116.06,,,50972
2022-12-28 19:09:32.980000,116.05,116.07,12440960,,
2022-12-28 19:09:33.503000,116.04,116.05,12440961,,50973
2022-12-28 19:09:34.559000,116.03,116.04,12441054,,50974
2022-12-28 19:09:35.067000,,116.05,12443201,,
2022-12-28 19:09:35.614000,,,12443291,,50975
2022-12-28 19:09:36.131000,116.04,,12443407,,
2022-12-28 19:09:36.644000,,,,,50976
2022-12-28 19:09:37.167000,,,12443509,,
2022-12-28 19:09:37.679000,,116.06,12443810,,50977
2022-12-28 19:09:38.195000,116.05,,12443815,,50978
2022-12-28 19:09:38.701000,116.07,116.08,12444190,,
2022-12-28 19:09:39.243000,,,12445210,,50979
2022-12-28 19:09:39.751000,,,12445528,,
2022-12-28 19:09:40.292000,,116.09,12445728,,50980
2022-12-28 19:09:40.837000,,116.08,12445730,,
2022-12-28 19:09:41.360000,,,12445750,,
2022-12-28 19:09:42.916000,,,12445800,,50982
2022-12-28 19:09:43.457000,,,,,50983
2022-12-28 19:09:43.959000,,,12445834,,
2022-12-28 19:09:44.990000,,116.09,12446045,,50984
2022-12-28 19:09:45.506000,,,12446235,,50985
2022-12-28 19:09:46.054000,116.08,116.1,12446537,,
2022-12-28 19:09:46.592000,116.07,116.09,,,50986
2022-12-28 19:09:47.120000,,116.1,12446538,,
2022-12-28 19:09:47.663000,116.08,116.11,12446983,,50987
2022-12-28 19:09:48.170000,,,12446986,,50988
2022-12-28 19:09:49.224000,,116.1,,,
2022-12-28 19:09:49.731000,,,,,50989
2022-12-28 19:09:50.758000,,,12447187,,50990
2022-12-28 19:09:51.273000,116.09,116.11,12447392,,
2022-12-28 19:09:51.801000,,,12447457,,
2022-12-28 19:09:52.315000,,,12447557,,
2022-12-28 19:09:52.829000,,,12448677,,
2022-12-28 19:09:53.362000,116.07,116.09,12449279,,50993
2022-12-28 19:09:53.892000,116.08,,12449381,,
2022-12-28 19:09:54.958000,116.09,116.1,12449681,,50994
2022-12-28 19:09:55.504000,,116.11,12449753,,50995
2022-12-28 19:09:56.009000,,,12449754,,
2022-12-28 19:09:56.550000,116.08,116.09,12449887,,50996
2022-12-28 19:09:57.060000,116.07,116.08,12450003,,
2022-12-28 19:09:57.578000,,,12450103,,
2022-12-28 19:09:58.099000,,116.09,12450315,,50997
2022-12-28 19:09:58.607000,,,12450365,,
2022-12-28 19:09:59.135000,,116.08,,,50998
2022-12-28 19:09:59.655000,,116.09,12450465,,50999
2022-12-28 19:10:00.180000,,,12450813,,
2022-12-28 19:10:00.707000,,116.1,12451028,,51000
2022-12-28 19:10:01.239000,116.08,,12451029,,51001
2022-12-28 19:10:01.765000,,,12451130,,
2022-12-28 19:10:02.273000,116.07,,,,
2022-12-28 19:10:02.788000,,,12451131,,51002
2022-12-28 19:10:03.311000,,,12451593,,
2022-12-28 19:10:03.882000,,116.09,12451595,,51003
2022-12-28 19:10:04.399000,116.08,116.1,12451625,,51004
2022-12-28 19:10:04.919000,116.07,,12452105,,
2022-12-28 19:10:05.424000,,,,,51005
2022-12-28 19:10:06.454000,,116.09,12452117,,51006
2022-12-28 19:10:06.999000,,,12452129,,
2022-12-28 19:10:08.043000,,116.1,12452131,,51007
2022-12-28 19:10:08.549000,116.08,116.09,12452136,,51008
2022-12-28 19:10:09.070000,116.07,,12452137,,
2022-12-28 19:10:09.605000,,,12452168,,51009
2022-12-28 19:10:10.649000,116.06,116.08,12453111,,51010
2022-12-28 19:10:12.193000,,,12453297,,51011
2022-12-28 19:10:12.720000,,,,,51012
2022-12-28 19:10:13.223000,,,12453298,,
2022-12-28 19:10:13.725000,,,12453398,,51013
2022-12-28 19:10:14.246000,116.08,116.09,12453429,,
2022-12-28 19:10:14.767000,116.09,116.12,12454110,,51014
2022-12-28 19:10:15.273000,116.08,116.1,12454213,,51015
2022-12-28 19:10:15.774000,116.07,,12454214,,
2022-12-28 19:10:16.282000,,,12454716,,
2022-12-28 19:10:16.828000,,,,,51016
2022-12-28 19:10:17.370000,,,12454744,,51017
2022-12-28 19:10:17.886000,,116.09,,,
2022-12-28 19:10:18.408000,,,12454771,,51018
2022-12-28 19:10:18.951000,116.09,116.11,12455065,,
2022-12-28 19:10:19.453000,116.1,,12455293,,51019
2022-12-28 19:10:19.991000,,116.12,12455394,,
2022-12-28 19:10:20.504000,116.09,116.1,12455594,,51020
2022-12-28 19:10:21.566000,116.07,116.09,12455840,,51021
2022-12-28 19:10:22.621000,,,,,51022
2022-12-28 19:10:23.150000,,,12455940,,
2022-12-28 19:10:23.716000,116.08,116.1,12455941,,51023
2022-12-28 19:10:24.264000,,,,,51024
2022-12-28 19:10:24.777000,,116.09,,,
2022-12-28 19:10:25.786000,,,,,51025
2022-12-28 19:10:26.323000,,,12456764,,
2022-12-28 19:10:26.850000,,,12457215,,51026
2022-12-28 19:10:27.393000,,,12457245,,51027
2022-12-28 19:10:27.936000,,,12457353,,
2022-12-28 19:10:28.463000,,,12457354,,
2022-12-28 19:10:28.964000,,,12457355,,51028
2022-12-28 19:10:29.484000,,,,,51029
2022-12-28 19:10:30.028000,,116.1,12457744,,
2022-12-28 19:10:30.534000,,,,,51030
2022-12-28 19:10:31.077000,116.07,116.09,12459821,,
2022-12-28 19:10:31.591000,,116.08,,,51031
2022-12-28 19:10:32.127000,,116.09,12460128,,
2022-12-28 19:10:32.647000,116.06,116.08,,,51032
2022-12-28 19:10:33.678000,,,12460228,,51033
2022-12-28 19:10:34.241000,,,12460237,,
2022-12-28 19:10:35.298000,,,12460287,,
2022-12-28 19:10:35.810000,,116.07,12460805,,51035
2022-12-28 19:10:36.883000,,,,,51036
2022-12-28 19:10:37.969000,116.07,116.08,12460808,,51037
2022-12-28 19:10:38.491000,116.06,,,,51038
2022-12-28 19:10:40.031000,,,12460835,,
2022-12-28 19:10:40.563000,116.08,116.1,12461657,,51040
2022-12-28 19:10:41.617000,,,,,51041
2022-12-28 19:10:42.640000,,,12461658,,51042
2022-12-28 19:10:43.675000,,,12461678,,
2022-12-28 19:10:44.197000,,,12461679,,
2022-12-28 19:10:44.711000,,,12461681,,51044
2022-12-28 19:10:45.236000,,,12461682,,
2022-12-28 19:10:45.744000,,116.09,,,51045
2022-12-28 19:10:46.264000,116.07,116.08,12461685,,
2022-12-28 19:10:46.802000,,,,,51046
2022-12-28 19:10:47.318000,,116.09,12461687,,51047
2022-12-28 19:10:47.821000,,,12461815,,
2022-12-28 19:10:48.354000,116.09,116.11,12462153,,51048
2022-12-28 19:10:49.392000,,,12462174,,
2022-12-28 19:10:49.916000,,,12462179,,51049
2022-12-28 19:10:50.463000,116.08,116.09,12462214,,51050
2022-12-28 19:10:50.977000,116.07,116.08,12462315,,
2022-12-28 19:10:51.490000,116.06,,,,51051
2022-12-28 19:10:52.506000,,,12462317,,51052
2022-12-28 19:10:53.012000,,,12462450,,
2022-12-28 19:10:53.530000,,,,,51053
2022-12-28 19:10:54.048000,,116.07,12462513,,
2022-12-28 19:10:54.589000,,,,,51054
2022-12-28 19:10:55.107000,,116.08,12462756,,
2022-12-28 19:10:55.615000,116.07,,,,51055
2022-12-28 19:10:56.143000,116.06,116.07,12462802,,
2022-12-28 19:10:56.649000,,,12462803,,
2022-12-28 19:10:57.155000,,,,,51056
2022-12-28 19:10:57.675000,,,,,51057
2022-12-28 19:10:58.215000,,,12464495,,
2022-12-28 19:10:58.750000,,,,,51058
2022-12-28 19:10:59.846000,,,,,51059
2022-12-28 19:11:00.354000,,,12464612,,
2022-12-28 19:11:00.878000,,116.08,12464866,,51060
2022-12-28 19:11:01.424000,,,,,51061
2022-12-28 19:11:02.483000,,116.07,12464967,,51062
2022-12-28 19:11:03.029000,,,12465068,,
2022-12-28 19:11:04.073000,,,12465388,,51063
2022-12-28 19:11:04.595000,,,,,51064
2022-12-28 19:11:05.123000,116.05,116.06,12466248,,
2022-12-28 19:11:05.651000,,116.07,,,51065
2022-12-28 19:11:06.189000,116.06,,12466249,,51066
2022-12-28 19:11:06.703000,116.07,116.08,12467040,,
2022-12-28 19:11:07.236000,,,12467141,,
2022-12-28 19:11:07.739000,,,12467612,,51067
2022-12-28 19:11:08.761000,,,12467638,,51068
2022-12-28 19:11:09.268000,,,12467740,,
2022-12-28 19:11:09.773000,,,,,51069
2022-12-28 19:11:10.306000,,,12467793,,
2022-12-28 19:11:10.812000,,,12467797,,
2022-12-28 19:11:11.327000,,116.09,12468645,,51071
2022-12-28 19:11:11.862000,,,12470248,,
2022-12-28 19:11:12.395000,,116.08,12470258,,51072
2022-12-28 19:11:12.901000,,116.09,12470261,,
2022-12-28 19:11:13.443000,,,,,51073
2022-12-28 19:11:13.975000,,,12470263,,
2022-12-28 19:11:14.513000,116.08,,12470688,,51074
2022-12-28 19:11:15.036000,116.09,116.1,12470999,,
2022-12-28 19:11:15.563000,,,12471099,,51075
2022-12-28 19:11:16.074000,116.07,116.09,12471491,,
2022-12-28 19:11:17.153000,,,12471493,,51077
2022-12-28 19:11:17.671000,,,12471594,,
2022-12-28 19:11:18.204000,,,12471595,,
2022-12-28 19:11:18.712000,,116.08,12471598,,51078
2022-12-28 19:11:19.217000,,116.09,12471599,,51079
2022-12-28 19:11:19.730000,116.08,,12471751,,
2022-12-28 19:11:20.257000,,,12472370,,
2022-12-28 19:11:20.768000,116.07,116.08,12472711,,51080
2022-12-28 19:11:21.789000,,,,,51081
2022-12-28 19:11:22.826000,,,,,51082
2022-12-28 19:11:23.340000,,116.09,12472789,,
2022-12-28 19:11:23.860000,116.08,,12472931,,51083
2022-12-28 19:11:24.391000,,,12473015,,51084
2022-12-28 19:11:25.429000,,116.1,12473132,,51085
2022-12-28 19:11:25.941000,,,12473136,,
2022-12-28 19:11:27.003000,,116.09,12473148,,51086
2022-12-28 19:11:27.504000,,,12473149,,51087
2022-12-28 19:11:28.009000,116.07,116.08,12473549,,
2022-12-28 19:11:29.072000,,,,,51088
2022-12-28 19:11:30.122000,,,12473558,,51089
2022-12-28 19:11:31.169000,,,,,51090
2022-12-28 19:11:31.673000,,,12474556,,51091
2022-12-28 19:11:32.183000,116.05,116.07,12475241,,51092
2022-12-28 19:11:32.708000,,,12475441,,
2022-12-28 19:11:33.225000,,116.06,12475560,,51093
2022-12-28 19:11:33.761000,116.04,116.05,12476288,,
2022-12-28 19:11:34.308000,116.02,116.03,12476888,,51094
2022-12-28 19:11:34.827000,,,12476891,,
2022-12-28 19:11:35.370000,,116.04,12477013,,51095
2022-12-28 19:11:35.908000,116.01,116.03,,,
2022-12-28 19:11:36.447000,116.02,,,,51096
2022-12-28 19:11:36.978000,116.01,,,,
2022-12-28 19:11:37.525000,116.02,116.04,12477563,,51097
2022-12-28 19:11:38.038000,116.01,116.03,12477601,,
2022-12-28 19:11:38.543000,116.02,,12477782,,51098
2022-12-28 19:11:39.059000,,,12478146,,
2022-12-28 19:11:39.574000,116.01,,12478846,,51099
2022-12-28 19:11:40.113000,,,12478880,,
2022-12-28 19:11:40.646000,116.02,116.04,12478982,,51100
2022-12-28 19:11:41.160000,,,,,51101
2022-12-28 19:11:41.687000,,,12478983,,
2022-12-28 19:11:42.740000,,,,,51102
2022-12-28 19:11:43.819000,,,,,51103
2022-12-28 19:11:44.321000,,,12478984,,
2022-12-28 19:11:44.827000,,,12479036,,51104
2022-12-28 19:11:45.343000,,,12479037,,
2022-12-28 19:11:45.844000,,,12479160,,51105
2022-12-28 19:11:46.381000,,116.03,12479164,,51106
2022-12-28 19:11:46.969000,,,12479169,,
2022-12-28 19:11:47.897000,116.01,,12479284,,51107
2022-12-28 19:11:48.427000,,116.02,12479308,,51108
2022-12-28 19:11:49.470000,,,12479311,,
2022-12-28 19:11:50.530000,,,12480322,,51110
2022-12-28 19:11:51.052000,,,12480323,,
2022-12-28 19:11:51.553000,116.02,116.03,12481200,,51111
2022-12-28 19:11:52.098000,116.01,,,,
2022-12-28 19:11:53.131000,,,12481202,,51112
2022-12-28 19:11:53.650000,,116.02,12481332,,51113
2022-12-28 19:11:55.261000,,,,,51115
2022-12-28 19:11:55.773000,,,12481333,,
2022-12-28 19:11:56.311000,,,12481334,,
2022-12-28 19:11:56.851000,,,12481335,,
2022-12-28 19:11:57.361000,,,12481341,,51116
2022-12-28 19:11:57.896000,,,12481351,,
2022-12-28 19:11:59.011000,115.99,116,12481918,,51118
2022-12-28 19:11:59.549000,,116.01,12482016,,51119
2022-12-28 19:12:00.096000,116,,12482581,,
2022-12-28 19:12:00.610000,115.99,,12483331,,51120
2022-12-28 19:12:01.680000,,,12483581,,
2022-12-28 19:12:02.192000,,,12483583,,51121
2022-12-28 19:12:02.710000,115.98,116,12485289,,51122
2022-12-28 19:12:03.759000,115.99,,12485290,,51123
2022-12-28 19:12:04.269000,116,116.01,12485800,,
2022-12-28 19:12:04.794000,,,12486210,,51124
2022-12-28 19:12:05.327000,116.02,116.03,12489246,,
2022-12-28 19:12:05.852000,116.01,116.02,12489751,,51125
2022-12-28 19:12:06.383000,116,116.01,12490802,,51126
2022-12-28 19:12:06.892000,115.98,116,12491007,,
2022-12-28 19:12:07.402000,115.99,,,,51127
2022-12-28 19:12:08.454000,115.97,115.99,12491317,,51128
2022-12-28 19:12:09.508000,115.98,,12491320,,51129
2022-12-28 19:12:10.018000,115.99,116.01,12491520,,
2022-12-28 19:12:11.039000,,,12491563,,51130
2022-12-28 19:12:11.567000,,,,,51131
2022-12-28 19:12:12.630000,,,12491575,,51132
2022-12-28 19:12:13.150000,,,,,51133
2022-12-28 19:12:13.664000,,116,,,
2022-12-28 19:12:14.209000,115.97,115.99,12492016,,
2022-12-28 19:12:14.725000,,115.98,12492876,,51134
2022-12-28 19:12:15.232000,,115.99,12492877,,51135
2022-12-28 19:12:16.287000,115.98,,12492887,,
2022-12-28 19:12:16.796000,,,,,51136
2022-12-28 19:12:17.313000,115.97,115.98,12493887,,
2022-12-28 19:12:17.857000,115.98,115.99,12494000,,51137
2022-12-28 19:12:18.371000,,,12494300,,51138
2022-12-28 19:12:18.970000,,,12494547,,
2022-12-28 19:12:19.485000,,,12494556,,51139
2022-12-28 19:12:19.988000,,,12494656,,
2022-12-28 19:12:20.528000,115.97,115.98,12495065,,51140
2022-12-28 19:12:21.111000,,115.99,12495422,,
2022-12-28 19:12:21.657000,,,12495424,,51141
2022-12-28 19:12:22.195000,,115.98,12495524,,
2022-12-28 19:12:22.726000,,,12496125,,51142
2022-12-28 19:12:23.230000,,,,,51143
2022-12-28 19:12:23.758000,,,12496128,,
2022-12-28 19:12:24.299000,,,12496231,,51144
2022-12-28 19:12:25.367000,115.95,115.96,12497551,,51145
2022-12-28 19:12:25.887000,115.93,115.94,12498450,,
2022-12-28 19:12:26.403000,115.91,115.93,12502989,,51146
2022-12-28 19:12:26.944000,,115.92,12503007,,
2022-12-28 19:12:27.463000,115.92,115.93,12503937,,51147
2022-12-28 19:12:27.981000,,,12503947,,
2022-12-28 19:12:28.525000,,,12504472,,51148
2022-12-28 19:12:29.037000,115.93,115.94,12506306,,
2022-12-28 19:12:29.562000,115.94,115.95,12507628,,51149
2022-12-28 19:12:30.097000,115.92,115.94,12510128,,
2022-12-28 19:12:30.617000,115.94,115.95,12510286,,51150
2022-12-28 19:12:31.157000,,,12510296,,
2022-12-28 19:12:31.680000,,115.96,12511461,,51151
2022-12-28 19:12:32.211000,,,12511523,,51152
2022-12-28 19:12:32.712000,,,12511623,,
2022-12-28 19:12:33.252000,,,12511923,,
2022-12-28 19:12:33.794000,,,12513923,,51153
2022-12-28 19:12:34.307000,115.93,115.95,12516792,,
2022-12-28 19:12:34.818000,,115.94,,,51154
2022-12-28 19:12:35.875000,,,12516811,,51155
2022-12-28 19:12:36.382000,,115.95,12517266,,
2022-12-28 19:12:36.917000,115.94,,,,51156
2022-12-28 19:12:37.454000,,115.96,12518180,,51157
2022-12-28 19:12:38.490000,,,12518430,,51158
2022-12-28 19:12:39.039000,115.95,,,,
2022-12-28 19:12:39.574000,115.93,115.95,12518431,,51159
2022-12-28 19:12:40.628000,115.94,,12518432,,51160
2022-12-28 19:12:41.154000,,,12518723,,
2022-12-28 19:12:41.700000,,,,,51161
2022-12-28 19:12:42.207000,,,12518724,,51162
2022-12-28 19:12:42.737000,,115.96,12518725,,
2022-12-28 19:12:43.250000,115.96,115.98,12519531,,51163
2022-12-28 19:12:44.308000,115.97,,12520531,,51164
2022-12-28 19:12:44.842000,,,12520870,,
2022-12-28 19:12:45.390000,115.94,115.96,12521419,,51165
2022-12-28 19:12:46.436000,,115.95,,,51166
2022-12-28 19:12:46.945000,115.95,115.96,12521619,,
2022-12-28 19:12:47.479000,,,12521960,,51167
2022-12-28 19:12:48.002000,115.94,,,,
2022-12-28 19:12:48.527000,,,12522260,,51168
2022-12-28 19:12:49.059000,,,12522279,,
2022-12-28 19:12:49.579000,115.95,,12522457,,51169
2022-12-28 19:12:50.597000,115.94,115.95,12522692,,51170
2022-12-28 19:12:51.143000,,,12522693,,
2022-12-28 19:12:51.687000,,,,,51171
2022-12-28 19:12:52.215000,,,,,51172
2022-12-28 19:12:52.724000,115.95,115.96,12522797,,
2022-12-28 19:12:53.252000,,,12522798,,
2022-12-28 19:12:53.824000,,,12522803,,51173
2022-12-28 19:12:54.341000,,,,,51174
2022-12-28 19:12:54.886000,,,12522905,,
2022-12-28 19:12:55.403000,115.96,115.97,12525681,,51175
2022-12-28 19:12:55.942000,,,12526156,,
2022-12-28 19:12:56.475000,,,12526164,,51176
2022-12-28 19:12:57.515000,,,12526214,,51177
2022-12-28 19:12:58.641000,,,12526215,,
2022-12-28 19:12:59.157000,,,12526294,,51179
2022-12-28 19:12:59.679000,,,12526295,,
2022-12-28 19:13:00.216000,,,12526395,,
2022-12-28 19:13:00.717000,,,,,51180
2022-12-28 19:13:01.752000,,,12526422,,51181
2022-12-28 19:13:03.661000,,,12526647,,51183
2022-12-28 19:13:04.194000,,,12526868,,
2022-12-28 19:13:04.726000,,,12527798,,51184
2022-12-28 19:13:05.239000,115.98,115.99,12529780,,51185
2022-12-28 19:13:05.783000,,,12530155,,
2022-12-28 19:13:06.319000,116,116.02,12530910,,51186
2022-12-28 19:13:06.867000,116.01,,12532268,,
2022-12-28 19:13:07.386000,116.02,116.03,,,
2022-12-28 19:13:07.934000,116.01,116.02,12532469,,51187
2022-12-28 19:13:08.443000,116.02,116.03,12533840,,51188
2022-12-28 19:13:08.989000,116.01,,12533850,,
2022-12-28 19:13:09.533000,116.03,116.04,12535261,,51189
2022-12-28 19:13:10.548000,116.02,,12535262,,51190
2022-12-28 19:13:11.092000,,,12535913,,
2022-12-28 19:13:11.664000,116.01,116.03,12536021,,51191
2022-12-28 19:13:12.171000,,,12536073,,
2022-12-28 19:13:12.681000,,,,,51192
2022-12-28 19:13:13.714000,116.03,116.05,12536578,,51193
2022-12-28 19:13:14.225000,116.02,116.03,12536938,,51194
2022-12-28 19:13:14.753000,,,12536970,,
2022-12-28 19:13:15.264000,,,12537070,,
2022-12-28 19:13:15.796000,116.01,116.02,12537414,,51195
2022-12-28 19:13:16.305000,,,12537415,,
2022-12-28 19:13:17.340000,116.02,116.03,12537460,,51197
2022-12-28 19:13:17.841000,,116.04,12537472,,
2022-12-28 19:13:18.385000,,,12537483,,
2022-12-28 19:13:18.904000,,,12537833,,
2022-12-28 19:13:19.420000,,116.03,12538443,,51199
2022-12-28 19:13:21.023000,,,12538454,,
2022-12-28 19:13:21.543000,116.01,116.02,12538565,,51201
2022-12-28 19:13:22.072000,,116.03,12538576,,
2022-12-28 19:13:22.604000,116.02,,12538617,,51202
2022-12-28 19:13:23.109000,,,12538756,,
2022-12-28 19:13:23.626000,,116.04,,,51203
2022-12-28 19:13:24.145000,116.01,116.03,12538757,,51204
2022-12-28 19:13:25.167000,115.99,116.01,12539059,,51205
2022-12-28 19:13:25.693000,115.98,116,12539149,,
2022-12-28 19:13:26.217000,,,12539488,,51206
2022-12-28 19:13:26.732000,,115.99,12539516,,
2022-12-28 19:13:27.252000,,116,,,
2022-12-28 19:13:27.760000,115.97,115.99,12539552,,51207
2022-12-28 19:13:28.270000,,,,,51208
2022-12-28 19:13:28.796000,115.98,116,,,
2022-12-28 19:13:29.302000,115.97,,12539563,,51209
2022-12-28 19:13:29.842000,,115.99,12539763,,
2022-12-28 19:13:30.372000,,,12539768,,
2022-12-28 19:13:30.911000,115.99,116.01,12540074,,51210
2022-12-28 19:13:31.433000,,116.02,12540099,,51211
2022-12-28 19:13:31.951000,,116.01,12540137,,
2022-12-28 19:13:32.456000,,,12540149,,51212
2022-12-28 19:13:32.974000,115.97,115.99,12540182,,
2022-12-28 19:13:34.015000,,,12540183,,
2022-12-28 19:13:34.555000,,,,,51213
2022-12-28 19:13:35.061000,,,12540231,,
2022-12-28 19:13:35.576000,115.98,116,12540346,,51215
2022-12-28 19:13:36.123000,,,12540347,,
2022-12-28 19:13:36.667000,,,,,51216
2022-12-28 19:13:37.181000,,,,,51217
2022-12-28 19:13:37.707000,,,12540757,,
2022-12-28 19:13:38.223000,,,12540782,,
2022-12-28 19:13:38.759000,,,12540828,,
2022-12-28 19:13:39.282000,115.99,116.01,12541391,,51218
2022-12-28 19:13:39.804000,,116,12541394,,51219
2022-12-28 19:13:40.320000,,,12542802,,51220
2022-12-28 19:13:40.859000,,,12542805,,
2022-12-28 19:13:41.407000,116,116.02,12543005,,51221
2022-12-28 19:13:42.432000,,,,,51222
2022-12-28 19:13:43.511000,116.01,,12543217,,
2022-12-28 19:13:44.015000,,116.03,,,51223
2022-12-28 19:13:45.058000,116,116.02,12543303,,51224
2022-12-28 19:13:45.593000,,,,,51225
2022-12-28 19:13:46.141000,116.01,116.03,12543416,,
2022-12-28 19:13:46.645000,116,116.02,12543420,,51226
2022-12-28 19:13:47.149000,116.01,,12543720,,
2022-12-28 19:13:47.698000,,116.03,12543810,,51227
2022-12-28 19:13:48.206000,116.03,116.05,12544449,,
2022-12-28 19:13:48.743000,116.02,116.04,12544605,,51228
2022-12-28 19:13:49.284000,,,12544616,,
2022-12-28 19:13:49.789000,,,12544617,,51229
2022-12-28 19:13:50.299000,,,12544673,,51230
2022-12-28 19:13:50.822000,116.01,116.03,,,
2022-12-28 19:13:51.342000,,116.04,,,51231
2022-12-28 19:13:51.867000,116.02,,12544723,,
2022-12-28 19:13:52.384000,116.01,,,,
2022-12-28 19:13:52.900000,116.02,,12545573,,51232
2022-12-28 19:13:53.434000,116.03,116.05,12545588,,51233
2022-12-28 19:13:53.952000,116.02,116.04,12545752,,
2022-12-28 19:13:54.472000,,,12545953,,
2022-12-28 19:13:54.998000,116.04,116.05,12546053,,51234
2022-12-28 19:13:55.511000,,,,,51235
2022-12-28 19:13:56.057000,,,12546079,,
2022-12-28 19:13:56.599000,,,12546080,,
2022-12-28 19:13:57.142000,,,12546821,,51236
2022-12-28 19:13:57.680000,,,,,51237
2022-12-28 19:13:58.214000,,,12546884,,
2022-12-28 19:13:58.718000,,,12546979,,51238
2022-12-28 19:13:59.233000,116.02,116.04,12547235,,51239
2022-12-28 19:13:59.756000,,116.05,12547236,,
2022-12-28 19:14:00.264000,,116.04,12547237,,51240
2022-12-28 19:14:00.769000,116.03,116.05,12547849,,
2022-12-28 19:14:01.308000,,,12547859,,51241
2022-12-28 19:14:01.856000,,,12547882,,
2022-12-28 19:14:02.369000,116.04,116.07,12548633,,51242
2022-12-28 19:14:02.916000,116.03,116.05,12548634,,
2022-12-28 19:14:03.425000,116.02,116.04,12548635,,51243
2022-12-28 19:14:03.929000,,,12548658,,
2022-12-28 19:14:04.433000,116.03,,12548702,,51244
2022-12-28 19:14:04.951000,,116.05,12548732,,
2022-12-28 19:14:05.479000,,,12548739,,51245
2022-12-28 19:14:06.007000,,116.04,,,
2022-12-28 19:14:06.528000,,,12548760,,51246
2022-12-28 19:14:07.041000,116.02,116.03,12550083,,
2022-12-28 19:14:07.559000,,116.04,,,51247
2022-12-28 19:14:08.077000,116.04,116.05,12550286,,
2022-12-28 19:14:08.622000,,116.06,12550334,,51248
2022-12-28 19:14:09.134000,,,12550408,,
2022-12-28 19:14:09.677000,,,12550409,,
2022-12-28 19:14:10.214000,116.05,116.07,12551028,,51249
2022-12-28 19:14:10.741000,,,12551029,,
2022-12-28 19:14:11.275000,,,12551040,,51250
2022-12-28 19:14:11.803000,,,12551043,,
2022-12-28 19:14:12.320000,,,12551162,,51252
2022-12-28 19:14:12.822000,116.06,,,,
2022-12-28 19:14:13.367000,116.07,116.09,12551828,,51253
2022-12-28 19:14:13.874000,,,12551951,,
2022-12-28 19:14:14.384000,,,12552360,,51254
2022-12-28 19:14:14.898000,,116.08,12552371,,
2022-12-28 19:14:15.410000,116.05,116.07,12552705,,51255
2022-12-28 19:14:15.958000,,,12552706,,
2022-12-28 19:14:16.490000,,116.06,12552817,,51256
2022-12-28 19:14:17.532000,,116.07,12553034,,51257
2022-12-28 19:14:18.033000,,116.06,12553068,,
2022-12-28 19:14:18.579000,,,12553108,,
2022-12-28 19:14:19.096000,,,12553128,,51258
2022-12-28 19:14:19.605000,116.06,116.07,12553240,,51259
2022-12-28 19:14:20.110000,116.07,116.08,12553548,,
2022-12-28 19:14:20.640000,116.08,116.1,12554068,,51260
2022-12-28 19:14:21.149000,,,12554078,,
2022-12-28 19:14:21.665000,116.09,116.12,12555024,,51261
2022-12-28 19:14:22.715000,116.1,,12555041,,51262
2022-12-28 19:14:23.230000,116.13,116.14,12556849,,51263
2022-12-28 19:14:23.750000,116.12,,12557059,,
2022-12-28 19:14:24.279000,116.11,116.13,12557060,,51264
2022-12-28 19:14:24.822000,,,12557166,,
2022-12-28 19:14:25.350000,116.1,116.12,12557181,,51265
2022-12-28 19:14:25.888000,,116.13,12558281,,
2022-12-28 19:14:26.406000,116.12,116.14,12558286,,51266
2022-12-28 19:14:26.973000,,,12558291,,
2022-12-28 19:14:27.520000,,,,,51267
2022-12-28 19:14:28.057000,,,12558306,,
2022-12-28 19:14:28.596000,,,12558340,,
2022-12-28 19:14:29.121000,,,12558341,,
2022-12-28 19:14:29.658000,116.13,116.15,12559386,,51269
2022-12-28 19:14:30.168000,116.14,,12559605,,51270
2022-12-28 19:14:31.213000,116.13,,12560122,,51271
2022-12-28 19:14:31.736000,,,12560225,,
2022-12-28 19:14:32.264000,,,12560228,,
2022-12-28 19:14:32.779000,116.12,,12560547,,51272
2022-12-28 19:14:33.311000,116.14,,12560748,,51273
2022-12-28 19:14:33.812000,,,12561048,,
2022-12-28 19:14:34.326000,,,12561198,,51274
2022-12-28 19:14:34.846000,,,12561298,,
2022-12-28 19:14:35.384000,,,12561308,,
2022-12-28 19:14:36.405000,,,12561453,,51275
2022-12-28 19:14:36.912000,,,12561555,,51276
2022-12-28 19:14:37.431000,,,12561620,,51277
2022-12-28 19:14:37.955000,,,12561892,,
2022-12-28 19:14:38.983000,,,12562749,,51278
2022-12-28 19:14:39.998000,,,12564194,,51279
2022-12-28 19:14:40.528000,,,,,51280
2022-12-28 19:14:41.057000,,116.16,12564313,,
2022-12-28 19:14:41.591000,,,12564549,,51281
2022-12-28 19:14:42.095000,,116.15,,,
2022-12-28 19:14:42.605000,,,12564655,,
2022-12-28 19:14:43.131000,,116.16,12564881,,51282
2022-12-28 19:14:43.660000,,116.15,12564982,,51283
2022-12-28 19:14:44.193000,,116.16,12564993,,51284
2022-12-28 19:14:44.730000,,,12565118,,
2022-12-28 19:14:45.249000,,,12565242,,
2022-12-28 19:14:45.771000,,,12565435,,
2022-12-28 19:14:46.287000,,116.15,12565437,,51286
2022-12-28 19:14:46.811000,,116.16,,,
2022-12-28 19:14:47.852000,,116.15,12565438,,51287
2022-12-28 19:14:48.373000,,,12566749,,51288
2022-12-28 19:14:48.911000,,,12566849,,
2022-12-28 19:14:49.423000,116.15,116.16,12567051,,51289
2022-12-28 19:14:49.925000,,,12567101,,
2022-12-28 19:14:50.462000,,116.17,12568809,,51290
2022-12-28 19:14:50.997000,,,12568810,,
2022-12-28 19:14:51.500000,116.16,,,,51291
2022-12-28 19:14:52.014000,,,12568826,,
2022-12-28 19:14:52.555000,,,,,51292
2022-12-28 19:14:53.084000,116.17,116.19,12569178,,
2022-12-28 19:14:54.641000,,,,,51294
2022-12-28 19:14:55.662000,116.15,116.17,12571532,,51295
2022-12-28 19:14:56.169000,116.16,,12571733,,51296
2022-12-28 19:14:56.708000,,,12571734,,
