time,bid_price,ask_price,total_volume,open_price,quote_time
2022-12-28 14:59:08.361000,117.37,117.39,2770270,116.25,35948
2022-12-28 14:59:08.887000,,,2770370,,
2022-12-28 14:59:09.415000,117.36,,2770380,,
2022-12-28 14:59:09.941000,,117.38,2770690,,35949
2022-12-28 14:59:10.486000,,,2770891,,35950
2022-12-28 14:59:11.010000,117.37,117.39,2772327,,
2022-12-28 14:59:11.555000,,,2772348,,35951
2022-12-28 14:59:12.078000,117.36,,2772363,,
2022-12-28 14:59:12.591000,,117.38,2772375,,35952
2022-12-28 14:59:13.114000,117.29,117.31,2774083,,
2022-12-28 14:59:13.617000,,,,,35953
2022-12-28 14:59:14.149000,117.27,117.29,2776183,,
2022-12-28 14:59:14.674000,117.28,117.31,2776864,,35954
2022-12-28 14:59:15.178000,117.29,,2777141,,
2022-12-28 14:59:15.710000,,117.32,2777642,,35955
2022-12-28 14:59:16.211000,117.3,,2777646,,35956
2022-12-28 14:59:16.721000,117.32,117.34,2778045,,
2022-12-28 14:59:17.248000,,,2778145,,
2022-12-28 14:59:17.763000,,,,,35957
2022-12-28 14:59:18.282000,117.29,117.31,2779063,,35958
2022-12-28 14:59:18.802000,117.3,117.32,2779558,,
2022-12-28 14:59:19.317000,117.29,,2779683,,35959
2022-12-28 14:59:20.367000,117.3,,2779691,,35960
2022-12-28 14:59:20.883000,117.34,117.37,2782935,,
2022-12-28 14:59:21.920000,,,2783567,,35961
2022-12-28 14:59:22.445000,117.33,117.35,2783691,,35962
2022-12-28 14:59:22.961000,,,2783721,,
2022-12-28 14:59:23.473000,,,2783822,,35963
2022-12-28 14:59:24.006000,117.31,117.33,2784322,,
2022-12-28 14:59:24.538000,,117.34,2784323,,35964
2022-12-28 14:59:25.073000,,,2785646,,
2022-12-28 14:59:25.578000,117.3,,2785948,,35965
2022-12-28 14:59:26.122000,,,2785951,,
2022-12-28 14:59:26.632000,,,2786253,,35966
2022-12-28 14:59:27.135000,117.31,,2786410,,
2022-12-28 14:59:27.639000,117.28,117.33,2786762,,35967
2022-12-28 14:59:28.155000,117.29,,,,
2022-12-28 14:59:28.679000,117.3,,,,35968
2022-12-28 14:59:29.184000,,,2786936,,
2022-12-28 14:59:29.702000,,117.34,2788053,,35969
2022-12-28 14:59:30.225000,,,2788509,,
2022-12-28 14:59:30.754000,117.34,117.36,2789630,,35970
2022-12-28 14:59:31.292000,117.4,117.42,2790677,,35971
2022-12-28 14:59:31.796000,117.36,117.4,2790916,,
2022-12-28 14:59:32.340000,117.35,117.37,2791616,,35972
2022-12-28 14:59:32.854000,117.31,117.35,2791916,,
2022-12-28 14:59:33.359000,117.32,,,,35973
2022-12-28 14:59:34.391000,117.33,117.37,2791922,,35974
2022-12-28 14:59:34.917000,,117.36,2791925,,
2022-12-28 14:59:35.442000,117.32,117.35,2792528,,
2022-12-28 14:59:35.955000,117.33,117.37,2792828,,35975
2022-12-28 14:59:36.501000,,,2792878,,35976
2022-12-28 14:59:37.028000,117.32,117.36,2792978,,
2022-12-28 14:59:37.574000,117.33,117.38,2793278,,35977
2022-12-28 14:59:38.111000,117.32,117.35,2804023,,
2022-12-28 14:59:38.657000,,117.36,2804024,,35978
2022-12-28 14:59:39.196000,117.31,117.34,2804163,,
2022-12-28 14:59:39.747000,117.35,117.38,2804936,,35979
2022-12-28 14:59:40.253000,117.38,117.41,2805237,,35980
2022-12-28 14:59:40.787000,117.37,117.4,2806747,,
2022-12-28 14:59:41.291000,,117.39,2807346,,35981
2022-12-28 14:59:41.854000,,,2807652,,
2022-12-28 14:59:42.375000,117.38,117.41,2807862,,35982
2022-12-28 14:59:42.917000,117.37,117.4,2807877,,
2022-12-28 14:59:43.419000,117.38,,2807878,,35983
2022-12-28 14:59:43.965000,117.37,117.39,2810002,,
2022-12-28 14:59:44.476000,,,2810063,,35984
2022-12-28 14:59:45.002000,,117.4,,,
2022-12-28 14:59:45.522000,117.4,117.42,2810186,,35985
2022-12-28 14:59:46.037000,117.42,117.44,2810290,,
2022-12-28 14:59:46.541000,,,2810384,,35986
2022-12-28 14:59:47.072000,,,2810385,,
2022-12-28 14:59:47.601000,,117.45,2810488,,35987
2022-12-28 14:59:48.119000,,,2810716,,
2022-12-28 14:59:48.664000,,,2810816,,35988
2022-12-28 14:59:49.197000,,,2810827,,
2022-12-28 14:59:49.706000,,,2810829,,35989
2022-12-28 14:59:50.214000,,117.46,2811130,,35990
2022-12-28 14:59:50.802000,117.44,117.47,2811721,,
2022-12-28 14:59:51.329000,117.43,117.45,2812195,,
2022-12-28 14:59:51.850000,,,2812395,,35991
2022-12-28 14:59:52.395000,,,2812555,,
2022-12-28 14:59:52.900000,117.42,117.44,2812756,,35992
2022-12-28 14:59:53.425000,117.41,,2812956,,35993
2022-12-28 14:59:53.936000,117.4,117.43,,,
2022-12-28 14:59:54.441000,,117.42,2813006,,
2022-12-28 14:59:54.979000,117.43,117.47,2814171,,35994
2022-12-28 14:59:55.524000,,117.49,,,35995
2022-12-28 14:59:56.031000,,117.48,2814172,,
2022-12-28 14:59:56.536000,,,2814217,,35996
2022-12-28 14:59:57.081000,,,2814285,,
2022-12-28 14:59:57.601000,,117.47,2814286,,35997
2022-12-28 14:59:58.145000,,,2814288,,
2022-12-28 14:59:58.686000,,,,,35998
2022-12-28 14:59:59.196000,,117.48,2814291,,
2022-12-28 14:59:59.699000,,117.5,2814294,,35999
2022-12-28 15:00:00.226000,,117.44,2815293,,36000
2022-12-28 15:00:00.758000,,117.45,2815691,,
2022-12-28 15:00:01.284000,117.46,117.51,2816224,,36001
2022-12-28 15:00:01.852000,117.5,117.54,2818314,,
2022-12-28 15:00:02.358000,117.43,117.46,2818663,,36002
2022-12-28 15:00:02.873000,117.45,117.5,2819963,,
2022-12-28 15:00:03.418000,117.42,117.45,2820952,,36003
2022-12-28 15:00:03.958000,117.43,117.48,2820954,,
2022-12-28 15:00:04.505000,117.44,117.49,2821246,,36004
2022-12-28 15:00:05.031000,,,2821279,,
2022-12-28 15:00:05.614000,117.41,117.46,2822763,,36005
2022-12-28 15:00:06.120000,,,2822814,,
2022-12-28 15:00:06.653000,117.42,,2822820,,36006
2022-12-28 15:00:07.179000,117.43,117.48,2823263,,
2022-12-28 15:00:07.692000,,,2823273,,
2022-12-28 15:00:08.199000,,,2823324,,
2022-12-28 15:00:08.733000,117.47,117.51,2825134,,36008
2022-12-28 15:00:09.248000,117.46,117.5,2825237,,
2022-12-28 15:00:09.799000,,,2825261,,36009
2022-12-28 15:00:10.307000,117.44,117.48,2825271,,36010
2022-12-28 15:00:10.857000,117.43,117.47,,,
2022-12-28 15:00:11.399000,117.42,117.46,2825814,,36011
2022-12-28 15:00:11.939000,117.44,117.47,2827519,,
2022-12-28 15:00:12.471000,117.43,117.44,2828338,,36012
2022-12-28 15:00:12.978000,117.45,117.47,2828439,,
2022-12-28 15:00:13.517000,117.41,117.43,2828970,,36013
2022-12-28 15:00:14.029000,,,2829521,,
2022-12-28 15:00:14.542000,,,2829522,,
2022-12-28 15:00:15.067000,117.42,117.45,2830129,,36014
2022-12-28 15:00:15.593000,,,2830142,,36015
2022-12-28 15:00:16.618000,117.44,117.47,2830475,,36016
2022-12-28 15:00:17.124000,,,2830515,,
2022-12-28 15:00:17.629000,,,2830683,,36017
2022-12-28 15:00:18.157000,117.43,117.46,2830684,,
2022-12-28 15:00:18.702000,117.45,117.49,2830891,,36018
2022-12-28 15:00:19.223000,117.46,,2831102,,
2022-12-28 15:00:19.757000,117.47,,2831403,,36019
2022-12-28 15:00:20.284000,,117.51,2832575,,36020
2022-12-28 15:00:20.807000,,117.5,2832685,,
2022-12-28 15:00:21.353000,117.51,117.53,2833415,,36021
2022-12-28 15:00:21.898000,117.5,,2834415,,
2022-12-28 15:00:22.413000,117.49,,2834582,,36022
2022-12-28 15:00:22.959000,117.52,117.56,2835388,,
2022-12-28 15:00:23.460000,117.55,117.58,2835783,,36023
2022-12-28 15:00:23.987000,117.56,117.61,2835976,,
2022-12-28 15:00:24.516000,117.6,117.62,2836076,,36024
2022-12-28 15:00:25.049000,117.61,117.65,2836658,,
2022-12-28 15:00:25.555000,117.58,117.62,2837398,,36025
2022-12-28 15:00:26.079000,,117.61,2837719,,
2022-12-28 15:00:26.611000,117.59,117.62,2838519,,36026
2022-12-28 15:00:27.136000,117.61,117.65,2839979,,
2022-12-28 15:00:27.639000,117.6,117.62,2840711,,36027
2022-12-28 15:00:28.146000,117.59,117.63,2843441,,
2022-12-28 15:00:28.685000,117.61,,2843651,,36028
2022-12-28 15:00:29.229000,117.58,117.6,2844323,,36029
2022-12-28 15:00:29.759000,,,2847756,,
2022-12-28 15:00:30.272000,117.61,117.65,2848575,,36030
2022-12-28 15:00:30.791000,,,2849781,,
2022-12-28 15:00:31.320000,117.6,117.62,2850093,,36031
2022-12-28 15:00:31.825000,117.59,117.61,2850513,,
2022-12-28 15:00:32.331000,117.62,117.65,2850977,,36032
2022-12-28 15:00:32.867000,117.6,117.64,2850982,,
2022-12-28 15:00:33.373000,,,2851182,,36033
2022-12-28 15:00:33.903000,117.61,,2853383,,
2022-12-28 15:00:34.448000,117.59,117.63,2853513,,36034
2022-12-28 15:00:34.993000,117.61,117.65,2853774,,
2022-12-28 15:00:35.505000,117.6,117.64,2853824,,36035
2022-12-28 15:00:36.011000,117.63,117.66,2854394,,
2022-12-28 15:00:36.543000,117.64,,2854804,,36036
2022-12-28 15:00:37.076000,,,2858828,,
2022-12-28 15:00:37.581000,117.6,117.63,2858832,,36037
2022-12-28 15:00:38.111000,117.57,117.6,2859237,,
2022-12-28 15:00:38.650000,117.58,117.62,2859388,,36038
2022-12-28 15:00:39.156000,,117.61,2860089,,
2022-12-28 15:00:39.661000,,,2861942,,36039
2022-12-28 15:00:40.176000,117.6,117.64,2863405,,
2022-12-28 15:00:40.687000,117.59,117.63,2864305,,36040
2022-12-28 15:00:41.198000,,,2864706,,
2022-12-28 15:00:41.710000,,117.62,,,36041
2022-12-28 15:00:42.238000,117.61,117.64,2868019,,36042
2022-12-28 15:00:42.756000,117.6,,2868021,,
2022-12-28 15:00:43.299000,,117.63,2868022,,36043
2022-12-28 15:00:43.843000,,117.64,2868072,,
2022-12-28 15:00:44.383000,,117.62,2868272,,36044
2022-12-28 15:00:44.894000,117.61,117.64,2868305,,
2022-12-28 15:00:45.438000,,,,,36045
2022-12-28 15:00:45.976000,,,2868418,,
2022-12-28 15:00:46.498000,117.56,117.59,2870045,,36046
2022-12-28 15:00:47.201000,117.55,117.58,2871046,,
2022-12-28 15:00:47.728000,117.58,117.61,2871320,,36047
2022-12-28 15:00:48.231000,117.59,117.62,2871385,,36048
2022-12-28 15:00:48.774000,117.58,117.6,2871386,,
2022-12-28 15:00:49.331000,117.61,117.62,2871501,,
2022-12-28 15:00:49.857000,117.58,117.61,2871612,,36049
2022-12-28 15:00:50.371000,,117.6,2872017,,36050
2022-12-28 15:00:51.410000,,117.61,2872021,,
2022-12-28 15:00:51.945000,117.61,117.62,2872086,,36051
2022-12-28 15:00:52.450000,117.58,,,,36052
2022-12-28 15:00:52.983000,117.61,117.64,2872530,,
2022-12-28 15:00:53.516000,,,2872806,,36053
2022-12-28 15:00:54.057000,,117.63,2873111,,
2022-12-28 15:00:54.604000,,,2873162,,
2022-12-28 15:00:55.128000,117.62,117.66,2873315,,36054
2022-12-28 15:00:55.631000,117.63,117.65,2873320,,36055
2022-12-28 15:00:56.160000,117.64,117.67,2873728,,
2022-12-28 15:00:56.691000,117.63,,2873875,,36056
2022-12-28 15:00:57.223000,,117.66,2873880,,
2022-12-28 15:00:57.769000,117.64,117.67,2873985,,36057
2022-12-28 15:00:58.282000,117.65,,2874790,,36058
2022-12-28 15:00:58.789000,117.64,117.65,2876939,,
2022-12-28 15:00:59.362000,117.63,117.66,2877766,,36059
2022-12-28 15:00:59.885000,117.59,117.63,2878069,,
2022-12-28 15:01:00.402000,,117.62,2878275,,36060
2022-12-28 15:01:00.937000,117.58,117.6,2879685,,
2022-12-28 15:01:01.467000,117.53,117.56,2883775,,36061
2022-12-28 15:01:01.971000,117.55,117.57,2883993,,
2022-12-28 15:01:02.509000,117.61,117.64,2885053,,36062
2022-12-28 15:01:03.020000,,,2885125,,
2022-12-28 15:01:03.556000,,,2885527,,36063
2022-12-28 15:01:04.113000,117.59,117.62,2885741,,
2022-12-28 15:01:04.641000,,117.61,2889020,,36064
2022-12-28 15:01:05.153000,,117.6,2889902,,
2022-12-28 15:01:05.680000,,117.61,2890208,,36065
2022-12-28 15:01:06.195000,,117.62,2890216,,
2022-12-28 15:01:06.701000,117.6,117.63,2890550,,36066
2022-12-28 15:01:07.215000,,117.64,2890551,,
2022-12-28 15:01:07.762000,117.61,117.65,2891677,,36067
2022-12-28 15:01:08.282000,,117.64,2892227,,36068
2022-12-28 15:01:08.786000,,117.62,2892232,,
2022-12-28 15:01:09.330000,117.62,117.65,2892239,,36069
2022-12-28 15:01:09.846000,,,2893449,,
2022-12-28 15:01:10.370000,117.66,117.69,2893785,,36070
2022-12-28 15:01:10.922000,117.67,,2897535,,
2022-12-28 15:01:11.428000,117.66,,2897536,,36071
2022-12-28 15:01:11.936000,117.67,,2898537,,
2022-12-28 15:01:12.462000,117.65,117.68,2899542,,36072
2022-12-28 15:01:12.977000,117.67,117.69,2900425,,
2022-12-28 15:01:13.485000,,,2900534,,36073
2022-12-28 15:01:14.016000,117.65,117.68,2900742,,
2022-12-28 15:01:14.530000,,,2900745,,36074
2022-12-28 15:01:15.082000,117.64,117.67,2902683,,
2022-12-28 15:01:15.587000,,117.68,2902935,,36075
2022-12-28 15:01:16.095000,117.61,117.64,2903086,,
2022-12-28 15:01:16.601000,,,2903147,,36076
2022-12-28 15:01:17.136000,,,2903495,,
2022-12-28 15:01:17.649000,,,2903513,,36077
2022-12-28 15:01:18.203000,,,2903514,,
2022-12-28 15:01:18.724000,117.64,117.65,2903624,,36078
2022-12-28 15:01:19.241000,117.66,117.68,2904094,,36079
2022-12-28 15:01:19.779000,117.65,,2904101,,
2022-12-28 15:01:20.302000,117.67,,2904306,,36080
2022-12-28 15:01:20.806000,,,2904616,,
2022-12-28 15:01:21.342000,,117.69,2905218,,36081
2022-12-28 15:01:21.883000,117.69,117.7,2905871,,
2022-12-28 15:01:22.429000,117.68,117.71,2906121,,36082
2022-12-28 15:01:23.448000,117.71,117.73,2908131,,36083
2022-12-28 15:01:23.980000,117.69,117.72,2908898,,
2022-12-28 15:01:24.509000,117.67,117.71,2909179,,36084
2022-12-28 15:01:25.021000,117.68,,2909429,,
2022-12-28 15:01:25.546000,117.64,117.66,2910849,,36085
2022-12-28 15:01:26.057000,117.63,,2911002,,
2022-12-28 15:01:26.568000,,,2912365,,36086
2022-12-28 15:01:27.082000,117.64,,2912503,,
2022-12-28 15:01:27.605000,,,2912548,,36087
2022-12-28 15:01:28.143000,117.63,,2913353,,
2022-12-28 15:01:28.654000,,,2914903,,36088
2022-12-28 15:01:29.173000,,,2915060,,
2022-12-28 15:01:29.696000,,,2915265,,36089
2022-12-28 15:01:30.197000,,,2915375,,
2022-12-28 15:01:30.708000,117.68,117.71,2926889,,36090
2022-12-28 15:01:31.249000,117.66,117.69,2928024,,36091
2022-12-28 15:01:31.750000,117.67,117.7,2928090,,
2022-12-28 15:01:32.288000,117.68,117.71,2928358,,36092
2022-12-28 15:01:32.817000,117.7,,2928560,,
2022-12-28 15:01:33.336000,117.71,117.72,2930025,,36093
2022-12-28 15:01:33.860000,117.72,117.75,2931379,,
2022-12-28 15:01:34.372000,117.71,117.73,2931779,,36094
2022-12-28 15:01:34.901000,117.7,,2933780,,
2022-12-28 15:01:35.427000,117.72,117.74,2938087,,36095
2022-12-28 15:01:35.930000,117.73,117.75,2938307,,
2022-12-28 15:01:36.973000,,,2939429,,36096
2022-12-28 15:01:37.486000,,,2939445,,
2022-12-28 15:01:38.006000,,,2939923,,36097
2022-12-28 15:01:38.525000,117.7,117.73,2940466,,36098
2022-12-28 15:01:39.043000,,,2940986,,
2022-12-28 15:01:39.563000,117.71,117.74,2951769,,36099
2022-12-28 15:01:40.082000,117.7,117.72,2952294,,
2022-12-28 15:01:40.587000,117.72,117.74,2952395,,36100
2022-12-28 15:01:41.099000,117.73,117.75,2957650,,
2022-12-28 15:01:41.611000,,117.74,2957701,,36101
2022-12-28 15:01:42.138000,,117.75,2957900,,
2022-12-28 15:01:42.684000,,,2958400,,36102
2022-12-28 15:01:43.205000,117.75,117.78,2962011,,
2022-12-28 15:01:43.740000,117.73,117.76,2962111,,36103
2022-12-28 15:01:44.247000,117.75,117.78,2962469,,36104
2022-12-28 15:01:44.760000,117.76,,2962571,,
2022-12-28 15:01:45.287000,,,2962573,,36105
2022-12-28 15:01:45.799000,117.77,117.79,2964561,,
2022-12-28 15:01:46.312000,,,2964562,,
2022-12-28 15:01:46.837000,,,2964662,,36106
2022-12-28 15:01:47.364000,117.78,,2968446,,36107
2022-12-28 15:01:47.900000,117.77,,2969211,,
2022-12-28 15:01:48.447000,117.78,,2969306,,
2022-12-28 15:01:48.966000,117.79,117.8,2972654,,36108
2022-12-28 15:01:49.488000,117.8,117.82,2973453,,36109
2022-12-28 15:01:49.998000,,117.83,2975577,,
2022-12-28 15:01:50.523000,117.81,,2975877,,36110
2022-12-28 15:01:51.038000,,,2976282,,
2022-12-28 15:01:51.623000,117.82,,2976382,,36111
2022-12-28 15:01:52.150000,117.81,,2976839,,
2022-12-28 15:01:52.678000,,,2978384,,36112
2022-12-28 15:01:53.203000,,,2978499,,
2022-12-28 15:01:53.733000,117.79,117.81,2979391,,36113
2022-12-28 15:01:54.239000,,117.83,2981742,,
2022-12-28 15:01:54.759000,117.8,,2982845,,36114
2022-12-28 15:01:55.271000,117.81,,2982945,,36115
2022-12-28 15:01:55.800000,117.82,117.85,2984848,,
2022-12-28 15:01:56.330000,,117.84,2984908,,36116
2022-12-28 15:01:56.858000,117.81,,2984909,,
2022-12-28 15:01:57.362000,,,2985043,,36117
2022-12-28 15:01:57.867000,,,2985294,,
2022-12-28 15:01:58.391000,117.79,117.82,2985455,,36118
2022-12-28 15:01:58.914000,,,2986008,,
2022-12-28 15:01:59.427000,117.8,117.83,2986052,,36119
2022-12-28 15:01:59.942000,,,2986153,,
2022-12-28 15:02:00.449000,117.81,,2986603,,36120
2022-12-28 15:02:00.952000,117.82,117.84,2986953,,
2022-12-28 15:02:01.490000,117.81,,2987033,,36121
2022-12-28 15:02:02.020000,117.82,,2989043,,
2022-12-28 15:02:02.560000,117.8,117.82,2989638,,36122
2022-12-28 15:02:03.632000,117.75,117.76,2991308,,36123
2022-12-28 15:02:04.139000,,117.77,2991560,,
2022-12-28 15:02:04.641000,117.72,117.74,2993246,,36124
2022-12-28 15:02:05.155000,,,2993366,,
2022-12-28 15:02:05.681000,117.71,117.73,2994036,,36125
2022-12-28 15:02:06.215000,,,2994705,,
2022-12-28 15:02:06.720000,117.73,117.74,2994879,,36126
2022-12-28 15:02:07.232000,117.74,117.75,2995535,,
2022-12-28 15:02:07.773000,117.71,117.73,2997138,,36127
2022-12-28 15:02:08.279000,,,2997148,,36128
2022-12-28 15:02:08.839000,,,2997706,,
2022-12-28 15:02:09.372000,,,2997717,,36129
2022-12-28 15:02:09.878000,,,2997853,,
2022-12-28 15:02:10.424000,117.72,117.75,2998720,,36130
2022-12-28 15:02:10.936000,,,2998725,,
2022-12-28 15:02:11.473000,117.68,117.71,3001086,,36131
2022-12-28 15:02:12.001000,117.69,117.72,3001197,,
2022-12-28 15:02:12.527000,117.74,117.75,3001505,,36132
2022-12-28 15:02:13.059000,117.69,117.72,3001715,,
2022-12-28 15:02:13.631000,117.66,117.68,3002832,,36133
2022-12-28 15:02:14.195000,117.65,117.67,3003084,,
2022-12-28 15:02:14.716000,,117.66,3004406,,36134
2022-12-28 15:02:15.235000,,117.67,3004408,,
2022-12-28 15:02:15.746000,,,3004659,,36135
2022-12-28 15:02:16.263000,,117.66,3005661,,
2022-12-28 15:02:16.809000,,,3005662,,36136
2022-12-28 15:02:17.336000,117.63,117.65,3005896,,36137
2022-12-28 15:02:17.839000,,117.66,3006110,,
2022-12-28 15:02:18.386000,117.66,117.69,3006609,,36138
2022-12-28 15:02:18.909000,,117.68,3006619,,
2022-12-28 15:02:19.449000,117.67,117.69,3006720,,
2022-12-28 15:02:19.981000,,,3006922,,36139
2022-12-28 15:02:20.488000,117.71,117.74,3007832,,36140
2022-12-28 15:02:20.992000,117.7,,,,
2022-12-28 15:02:21.553000,117.73,117.76,3007882,,36141
2022-12-28 15:02:22.079000,117.74,117.78,3007989,,
2022-12-28 15:02:22.599000,117.73,117.76,3008039,,36142
2022-12-28 15:02:23.103000,117.71,117.75,,,
2022-12-28 15:02:23.610000,,,,,36143
2022-12-28 15:02:24.149000,117.73,117.76,3008154,,
2022-12-28 15:02:24.655000,117.72,117.75,3008582,,36144
2022-12-28 15:02:25.182000,,,3014582,,
2022-12-28 15:02:25.693000,,,,,36145
2022-12-28 15:02:26.214000,117.74,,3014584,,
2022-12-28 15:02:26.719000,117.69,117.72,3016443,,36146
2022-12-28 15:02:27.232000,117.7,,,,
2022-12-28 15:02:27.766000,,,3016445,,36147
2022-12-28 15:02:28.299000,,117.73,3017645,,36148
2022-12-28 15:02:28.833000,117.66,117.68,3017760,,
2022-12-28 15:02:29.341000,117.67,117.7,3019160,,36149
2022-12-28 15:02:29.887000,117.71,117.73,,,
2022-12-28 15:02:30.405000,117.69,117.7,3020173,,36150
2022-12-28 15:02:30.951000,117.7,117.73,3030228,,
2022-12-28 15:02:31.492000,117.69,117.72,3030280,,36151
2022-12-28 15:02:32.004000,,117.73,,,
2022-12-28 15:02:32.525000,,117.72,3030291,,36152
2022-12-28 15:02:33.029000,117.7,117.73,,,
2022-12-28 15:02:33.552000,117.69,117.72,3030392,,36153
2022-12-28 15:02:34.096000,117.66,117.69,,,
2022-12-28 15:02:34.605000,117.61,117.63,3032781,,36154
2022-12-28 15:02:35.111000,117.6,117.64,,,
2022-12-28 15:02:35.653000,117.61,117.63,3032841,,36155
2022-12-28 15:02:36.159000,,117.64,3032941,,
2022-12-28 15:02:36.690000,117.63,117.65,3032945,,36156
2022-12-28 15:02:37.222000,,,3033468,,
2022-12-28 15:02:37.760000,117.62,,3033668,,36157
2022-12-28 15:02:38.264000,117.6,117.64,,,
2022-12-28 15:02:38.772000,,,3034300,,36158
2022-12-28 15:02:39.302000,,,,,36159
2022-12-28 15:02:39.807000,,117.63,3034301,,
2022-12-28 15:02:40.308000,,117.62,3034313,,36160
2022-12-28 15:02:40.815000,,117.63,3034328,,
2022-12-28 15:02:41.321000,,,3035058,,36161
2022-12-28 15:02:41.847000,,117.62,,,
2022-12-28 15:02:42.368000,,,,,36162
2022-12-28 15:02:42.910000,117.61,117.63,3036839,,
2022-12-28 15:02:43.454000,117.6,117.62,3041242,,
2022-12-28 15:02:43.955000,117.57,117.6,3042249,,36163
2022-12-28 15:02:44.468000,,,3042254,,36164
2022-12-28 15:02:44.971000,,,3042284,,
2022-12-28 15:02:45.483000,,,3042443,,36165
2022-12-28 15:02:45.987000,,117.59,3042446,,
2022-12-28 15:02:46.525000,,,3042482,,
2022-12-28 15:02:47.049000,,117.6,3042583,,36166
2022-12-28 15:02:47.586000,117.6,117.63,3043178,,36167
2022-12-28 15:02:48.114000,117.63,117.65,3043197,,
2022-12-28 15:02:48.626000,117.6,117.63,3043748,,36168
2022-12-28 15:02:49.596000,117.56,117.59,3049624,,36169
2022-12-28 15:02:50.111000,117.59,117.62,,,
2022-12-28 15:02:50.623000,117.58,117.6,3050534,,36170
2022-12-28 15:02:51.160000,117.61,117.63,3050903,,
2022-12-28 15:02:51.687000,,,3050904,,36171
2022-12-28 15:02:52.195000,117.64,117.66,3051014,,
2022-12-28 15:02:52.706000,117.65,117.67,3051040,,36172
2022-12-28 15:02:53.247000,,117.68,3051437,,
2022-12-28 15:02:53.779000,117.64,117.66,3053178,,36173
2022-12-28 15:02:54.292000,117.63,,3055078,,36174
2022-12-28 15:02:54.811000,117.66,117.69,3055154,,
2022-12-28 15:02:55.339000,117.67,,3055156,,36175
2022-12-28 15:02:55.858000,117.68,117.71,3055198,,
2022-12-28 15:02:56.367000,117.66,117.68,3055700,,36176
2022-12-28 15:02:56.894000,117.67,117.7,3055998,,
2022-12-28 15:02:57.428000,117.68,117.72,3056327,,36177
2022-12-28 15:02:57.944000,117.69,,3056533,,
2022-12-28 15:02:58.468000,117.68,117.71,,,36178
2022-12-28 15:02:58.980000,,,3057643,,
2022-12-28 15:02:59.493000,,,3057694,,36179
2022-12-28 15:03:00.001000,,117.7,,,
2022-12-28 15:03:00.541000,117.67,117.68,3059348,,36180
2022-12-28 15:03:01.082000,,,3059698,,36181
2022-12-28 15:03:01.615000,117.68,117.69,3059702,,
2022-12-28 15:03:02.132000,,117.7,3060653,,
2022-12-28 15:03:02.645000,,,3061350,,36182
2022-12-28 15:03:03.148000,,,3061587,,
2022-12-28 15:03:03.665000,,117.69,3063885,,36183
2022-12-28 15:03:04.180000,,117.71,3064256,,
2022-12-28 15:03:04.693000,117.69,117.72,3066911,,36184
2022-12-28 15:03:05.224000,117.65,117.67,3067272,,
2022-12-28 15:03:05.729000,117.66,117.68,3067377,,36185
2022-12-28 15:03:06.236000,117.63,117.65,3067930,,
2022-12-28 15:03:06.769000,,,3068306,,36186
2022-12-28 15:03:07.296000,,,3068809,,36187
2022-12-28 15:03:07.823000,,117.64,3068829,,
2022-12-28 15:03:08.337000,117.55,117.58,3070664,,36188
2022-12-28 15:03:08.841000,117.54,117.57,3071282,,
2022-12-28 15:03:09.388000,117.57,117.58,3071632,,36189
2022-12-28 15:03:09.929000,117.58,117.6,3071926,,
2022-12-28 15:03:10.476000,,,3072551,,36190
2022-12-28 15:03:11.007000,117.56,117.59,3072555,,
2022-12-28 15:03:11.513000,,,3072559,,36191
2022-12-28 15:03:12.047000,,117.58,3073170,,
2022-12-28 15:03:12.555000,,,3073211,,
2022-12-28 15:03:13.114000,,117.59,3077352,,36192
2022-12-28 15:03:13.620000,117.58,117.6,3077557,,36193
2022-12-28 15:03:14.154000,117.57,,3077823,,36194
2022-12-28 15:03:14.681000,117.56,117.59,3077923,,
2022-12-28 15:03:15.194000,117.55,117.58,3077934,,
2022-12-28 15:03:15.734000,117.57,117.6,3078079,,36195
2022-12-28 15:03:16.240000,,,3078240,,
2022-12-28 15:03:16.771000,,117.59,3078502,,36196
2022-12-28 15:03:17.309000,117.56,,3078605,,36197
2022-12-28 15:03:17.814000,,,3078710,,
2022-12-28 15:03:18.317000,,117.58,3079110,,
2022-12-28 15:03:18.831000,117.6,117.63,3079930,,36198
2022-12-28 15:03:19.348000,,,3080054,,36199
2022-12-28 15:03:20.363000,117.64,117.68,3080496,,36200
2022-12-28 15:03:20.869000,117.67,117.7,3080606,,
2022-12-28 15:03:21.388000,117.68,117.71,3080757,,36201
2022-12-28 15:03:22.424000,,117.72,3080959,,36202
2022-12-28 15:03:22.943000,117.67,117.7,3081021,,
2022-12-28 15:03:23.455000,,117.69,3081229,,36203
2022-12-28 15:03:23.970000,,,3082730,,
2022-12-28 15:03:24.484000,,,3085730,,36204
2022-12-28 15:03:25.029000,,117.7,3085915,,
2022-12-28 15:03:25.531000,117.66,,3085935,,36205
2022-12-28 15:03:26.056000,117.68,,3086288,,
2022-12-28 15:03:26.569000,117.7,117.72,3086456,,36206
2022-12-28 15:03:27.081000,117.69,,3087445,,
2022-12-28 15:03:27.608000,,,3087449,,36207
2022-12-28 15:03:28.120000,,,3087565,,36208
2022-12-28 15:03:28.663000,117.7,,3087566,,
2022-12-28 15:03:29.169000,117.69,117.7,3087619,,36209
2022-12-28 15:03:29.684000,117.7,117.72,3088133,,
2022-12-28 15:03:30.724000,117.69,117.7,3088596,,36210
2022-12-28 15:03:31.271000,,,3089708,,
2022-12-28 15:03:31.791000,,,3089709,,36211
2022-12-28 15:03:32.295000,117.65,117.69,3090209,,36212
2022-12-28 15:03:32.829000,117.6,117.64,3091412,,
2022-12-28 15:03:33.336000,117.63,117.66,,,36213
2022-12-28 15:03:33.874000,,,3091912,,
2022-12-28 15:03:34.379000,117.67,117.68,3092126,,36214
2022-12-28 15:03:34.887000,117.65,,3092281,,
2022-12-28 15:03:35.404000,117.66,,3092283,,36215
2022-12-28 15:03:35.947000,,,3092336,,
2022-12-28 15:03:36.467000,117.67,117.69,3092952,,36216
2022-12-28 15:03:36.987000,117.66,,,,
2022-12-28 15:03:37.532000,,,3092982,,36217
2022-12-28 15:03:38.077000,117.68,117.7,3093698,,
2022-12-28 15:03:38.618000,,117.71,3094549,,36218
2022-12-28 15:03:39.164000,117.69,,3095149,,36219
2022-12-28 15:03:39.706000,117.7,117.72,3095297,,
2022-12-28 15:03:40.230000,,,3095467,,36220
2022-12-28 15:03:40.765000,117.68,117.7,3095477,,
2022-12-28 15:03:41.312000,,,3095528,,
2022-12-28 15:03:41.857000,117.72,117.73,3096062,,36221
2022-12-28 15:03:42.405000,117.77,117.8,3096311,,36222
2022-12-28 15:03:42.921000,117.78,,3096354,,
2022-12-28 15:03:43.468000,117.77,,3096408,,36223
2022-12-28 15:03:43.995000,117.76,117.79,3096708,,
2022-12-28 15:03:44.541000,117.78,117.8,3098409,,36224
2022-12-28 15:03:45.048000,117.8,117.84,3098966,,
2022-12-28 15:03:45.593000,117.79,117.83,3099266,,36225
2022-12-28 15:03:46.098000,117.8,117.84,3099279,,
2022-12-28 15:03:46.618000,117.81,,3099410,,36226
2022-12-28 15:03:47.139000,,117.83,3099610,,
2022-12-28 15:03:47.684000,117.82,117.85,3101721,,36227
2022-12-28 15:03:48.203000,117.83,117.86,3102130,,
2022-12-28 15:03:49.248000,117.82,117.87,,,36228
2022-12-28 15:03:49.765000,,,3103183,,36229
2022-12-28 15:03:50.282000,,117.85,3103192,,
2022-12-28 15:03:50.824000,117.8,117.84,3104527,,36230
2022-12-28 15:03:51.341000,,,3105177,,
2022-12-28 15:03:52.367000,,117.83,,,36232
2022-12-28 15:03:52.903000,117.78,117.8,3105911,,
2022-12-28 15:03:53.449000,117.8,117.85,3106113,,36233
2022-12-28 15:03:53.993000,117.81,,3106163,,
2022-12-28 15:03:54.513000,117.8,117.84,3110165,,36234
2022-12-28 15:03:55.037000,117.81,117.85,,,
2022-12-28 15:03:55.548000,117.8,117.84,3110434,,36235
2022-12-28 15:03:56.069000,117.79,117.8,3112900,,36236
2022-12-28 15:03:56.615000,117.8,117.83,3113002,,
2022-12-28 15:03:57.158000,117.81,,3113203,,
2022-12-28 15:03:58.207000,117.76,117.8,3113553,,36237
2022-12-28 15:03:58.716000,,,3113956,,36238
2022-12-28 15:03:59.231000,,,3114257,,
2022-12-28 15:03:59.806000,117.75,117.76,3117340,,36239
2022-12-28 15:04:00.314000,117.73,117.75,3118171,,36240
2022-12-28 15:04:00.872000,117.78,117.81,3120668,,
2022-12-28 15:04:01.391000,,117.8,3124499,,36241
2022-12-28 15:04:01.913000,,,3124549,,
2022-12-28 15:04:02.414000,,,3124553,,36242
2022-12-28 15:04:02.940000,,,3124848,,
2022-12-28 15:04:03.472000,,,3124849,,
2022-12-28 15:04:04.008000,,,3124853,,36243
2022-12-28 15:04:04.522000,117.74,117.76,3126360,,36244
2022-12-28 15:04:05.571000,117.76,117.8,3126967,,36245
2022-12-28 15:04:06.103000,117.78,,3127056,,36246
2022-12-28 15:04:06.631000,117.75,117.79,3129056,,
2022-12-28 15:04:07.150000,117.77,,,,
2022-12-28 15:04:07.671000,117.74,117.77,3129402,,36247
2022-12-28 15:04:08.219000,117.73,117.74,3129535,,
2022-12-28 15:04:08.737000,,117.75,3129585,,36248
2022-12-28 15:04:09.260000,117.74,117.77,3130596,,
2022-12-28 15:04:09.786000,117.73,117.76,3131352,,36249
2022-12-28 15:04:10.325000,,117.75,,,36250
2022-12-28 15:04:10.848000,,117.76,3131452,,
2022-12-28 15:04:11.361000,117.7,117.73,3132543,,36251
2022-12-28 15:04:11.880000,,117.74,3134785,,
2022-12-28 15:04:12.385000,117.68,117.7,3136091,,36252
2022-12-28 15:04:12.895000,,117.71,3136191,,
2022-12-28 15:04:13.422000,,117.7,3136251,,
2022-12-28 15:04:13.968000,117.72,117.75,3136487,,36253
2022-12-28 15:04:14.470000,117.69,117.72,3136489,,36254
2022-12-28 15:04:14.996000,117.72,117.75,3140202,,
2022-12-28 15:04:15.566000,117.7,117.73,3140205,,36255
2022-12-28 15:04:16.103000,117.71,,3145505,,
2022-12-28 15:04:16.622000,117.7,,3145551,,36256
2022-12-28 15:04:17.131000,117.71,,3145666,,
2022-12-28 15:04:17.649000,117.76,117.78,3146370,,36257
2022-12-28 15:04:18.176000,117.78,117.8,3147704,,36258
2022-12-28 15:04:18.723000,117.79,117.83,3149000,,
2022-12-28 15:04:19.250000,117.78,117.81,3149001,,36259
2022-12-28 15:04:19.784000,117.79,,3149601,,
2022-12-28 15:04:20.297000,,,3149901,,36260
2022-12-28 15:04:20.823000,117.77,117.79,3150251,,
2022-12-28 15:04:21.341000,117.8,117.82,3150734,,36261
2022-12-28 15:04:21.863000,,,3150735,,
2022-12-28 15:04:22.370000,,117.83,3150859,,36262
2022-12-28 15:04:22.908000,117.76,117.79,3150861,,
2022-12-28 15:04:23.434000,117.77,,,,36263
2022-12-28 15:04:23.964000,,,3151061,,
2022-12-28 15:04:24.483000,117.76,117.78,3151087,,36264
2022-12-28 15:04:25.024000,,,3152321,,
2022-12-28 15:04:25.569000,,,3152323,,36265
2022-12-28 15:04:26.091000,,117.77,3152325,,
2022-12-28 15:04:26.608000,,117.79,3152327,,36266
2022-12-28 15:04:27.695000,117.75,,3153033,,36267
2022-12-28 15:04:28.206000,,,3153133,,
2022-12-28 15:04:28.749000,117.78,,3153252,,36268
2022-12-28 15:04:29.275000,117.77,,3153253,,36269
2022-12-28 15:04:29.792000,,,3153255,,
2022-12-28 15:04:30.360000,117.75,,3153261,,36270
2022-12-28 15:04:30.886000,117.76,,3153262,,
2022-12-28 15:04:31.428000,117.75,117.78,3153596,,36271
2022-12-28 15:04:31.931000,117.77,117.79,3153597,,
2022-12-28 15:04:32.441000,,,,,36272
2022-12-28 15:04:32.987000,,,3153651,,
2022-12-28 15:04:33.529000,,,3153657,,36273
2022-12-28 15:04:34.031000,,,3153757,,
2022-12-28 15:04:34.547000,,,3153760,,36274
2022-12-28 15:04:35.092000,117.76,117.77,3154044,,
2022-12-28 15:04:35.608000,,117.79,3154487,,36275
2022-12-28 15:04:36.154000,,,3155292,,
2022-12-28 15:04:36.694000,117.73,117.77,3155851,,36276
2022-12-28 15:04:37.220000,117.72,117.76,3155857,,36277
2022-12-28 15:04:38.286000,117.73,117.77,3155878,,36278
2022-12-28 15:04:38.831000,117.72,117.75,3157960,,
2022-12-28 15:04:39.377000,,117.76,,,36279
2022-12-28 15:04:40.393000,117.75,117.78,3157982,,36280
2022-12-28 15:04:40.905000,117.74,,3157988,,
2022-12-28 15:04:41.450000,117.73,117.77,3158038,,36281
2022-12-28 15:04:41.975000,,,3158066,,
2022-12-28 15:04:42.521000,117.75,,3159067,,36282
2022-12-28 15:04:43.062000,117.71,117.74,3159117,,
2022-12-28 15:04:43.563000,,,3159155,,
2022-12-28 15:04:44.083000,117.7,,3159188,,36284
2022-12-28 15:04:44.596000,,117.72,3159221,,
2022-12-28 15:04:45.141000,,117.74,3159222,,36285
2022-12-28 15:04:45.645000,117.69,117.71,3159272,,
2022-12-28 15:04:46.165000,117.67,117.68,3160295,,36286
2022-12-28 15:04:46.669000,117.66,117.7,3160595,,
2022-12-28 15:04:47.203000,117.68,117.71,3160615,,36287
2022-12-28 15:04:47.715000,,117.7,3160665,,
2022-12-28 15:04:48.223000,,,3161512,,
2022-12-28 15:04:48.736000,117.7,117.73,3161513,,36288
2022-12-28 15:04:49.238000,117.69,117.72,3162363,,
2022-12-28 15:04:49.749000,,,3162663,,
2022-12-28 15:04:50.259000,,117.71,3162675,,36290
2022-12-28 15:04:50.807000,,117.7,3162748,,
2022-12-28 15:04:51.334000,,117.72,3162749,,36291
2022-12-28 15:04:51.871000,117.7,117.73,3163307,,
2022-12-28 15:04:52.434000,117.72,117.76,3163426,,36292
2022-12-28 15:04:52.949000,117.71,117.74,,,
2022-12-28 15:04:53.469000,,,,,36293
2022-12-28 15:04:54.018000,117.68,117.71,3163527,,
2022-12-28 15:04:54.537000,,,,,36294
2022-12-28 15:04:55.080000,,,3163623,,
2022-12-28 15:04:55.626000,117.69,117.73,3163739,,36295
2022-12-28 15:04:56.173000,117.7,,3163744,,
2022-12-28 15:04:56.692000,117.71,117.74,3163901,,36296
2022-12-28 15:04:57.203000,117.68,117.71,,,
2022-12-28 15:04:57.747000,117.69,,3164201,,36297
2022-12-28 15:04:58.269000,,117.72,3164208,,36298
2022-12-28 15:04:58.815000,117.68,117.71,3164308,,
2022-12-28 15:04:59.317000,117.69,117.72,3165338,,
2022-12-28 15:04:59.859000,,,3165638,,36299
2022-12-28 15:05:00.391000,117.68,117.71,3165738,,36300
2022-12-28 15:05:00.913000,,,3165740,,
2022-12-28 15:05:01.439000,117.66,117.7,3167421,,36301
2022-12-28 15:05:01.978000,117.67,117.71,3167733,,
2022-12-28 15:05:02.524000,117.65,117.69,3167734,,36302
2022-12-28 15:05:03.065000,,,3167736,,
2022-12-28 15:05:03.589000,,,3168066,,36303
2022-12-28 15:05:04.113000,117.66,,3168177,,
2022-12-28 15:05:04.659000,,,3168412,,36304
2022-12-28 15:05:05.172000,117.67,,3168421,,
2022-12-28 15:05:05.697000,,,3168484,,36305
2022-12-28 15:05:06.224000,,,3168488,,
2022-12-28 15:05:06.731000,,117.68,3168688,,36306
2022-12-28 15:05:07.257000,117.65,117.66,3169931,,
2022-12-28 15:05:07.792000,117.67,117.69,3172191,,36307
2022-12-28 15:05:08.337000,,,3173002,,36308
2022-12-28 15:05:08.862000,,,3173036,,
2022-12-28 15:05:09.399000,117.66,,,,36309
2022-12-28 15:05:09.914000,,117.68,3173137,,
2022-12-28 15:05:10.441000,,,3173250,,36310
2022-12-28 15:05:10.953000,117.67,117.69,3173282,,
2022-12-28 15:05:11.469000,117.7,117.72,3174330,,36311
2022-12-28 15:05:11.988000,,,3174331,,
2022-12-28 15:05:12.529000,117.71,,3175666,,36312
2022-12-28 15:05:13.048000,117.68,117.7,3175826,,
2022-12-28 15:05:13.593000,117.67,117.69,3177877,,36313
2022-12-28 15:05:14.654000,,117.7,3177902,,36314
2022-12-28 15:05:15.159000,117.66,117.69,3177903,,
2022-12-28 15:05:15.673000,,117.68,,,36315
2022-12-28 15:05:16.733000,,117.67,3178140,,36316
2022-12-28 15:05:17.253000,,,3178825,,
2022-12-28 15:05:17.799000,,,3178843,,
2022-12-28 15:05:18.319000,,,,,36318
2022-12-28 15:05:18.859000,,,3178844,,
2022-12-28 15:05:19.393000,,117.68,3179828,,36319
2022-12-28 15:05:20.453000,117.65,117.67,3180145,,36320
2022-12-28 15:05:21.000000,117.66,117.7,3183687,,
2022-12-28 15:05:21.539000,117.67,,,,36321
2022-12-28 15:05:22.059000,117.66,117.69,3183731,,
2022-12-28 15:05:22.581000,117.63,117.66,3184365,,36322
2022-12-28 15:05:23.099000,117.65,117.67,,,36323
2022-12-28 15:05:23.646000,117.64,117.66,3184366,,
2022-12-28 15:05:24.165000,,117.67,3184409,,36324
2022-12-28 15:05:24.707000,,,3184959,,
2022-12-28 15:05:25.227000,,,3185265,,36325
2022-12-28 15:05:25.729000,,,3185267,,
2022-12-28 15:05:26.275000,117.67,117.69,3185984,,36326
2022-12-28 15:05:26.798000,117.65,,3186047,,
2022-12-28 15:05:27.317000,117.64,117.66,3186190,,36327
2022-12-28 15:05:27.832000,,117.65,3187182,,
2022-12-28 15:05:28.351000,117.62,117.64,3187703,,36328
2022-12-28 15:05:28.854000,117.6,117.62,3189617,,
2022-12-28 15:05:29.372000,,,3189618,,36329
2022-12-28 15:05:29.895000,117.59,117.61,3191016,,
2022-12-28 15:05:30.441000,117.61,117.64,3191236,,36330
2022-12-28 15:05:30.957000,117.6,117.62,3193091,,
2022-12-28 15:05:31.483000,117.62,117.64,3193302,,36331
2022-12-28 15:05:31.996000,117.64,117.67,3193392,,
2022-12-28 15:05:32.542000,,,3193403,,36332
2022-12-28 15:05:33.054000,,,3193916,,
2022-12-28 15:05:33.571000,117.66,117.68,3194061,,36333
2022-12-28 15:05:34.074000,117.71,117.74,3194770,,
2022-12-28 15:05:34.600000,117.72,,3194915,,36334
2022-12-28 15:05:35.111000,117.71,,,,
2022-12-28 15:05:35.612000,117.72,,,,36335
2022-12-28 15:05:36.152000,,,3195015,,36336
2022-12-28 15:05:36.669000,117.73,117.75,3198164,,
2022-12-28 15:05:37.191000,117.71,117.74,3198421,,
2022-12-28 15:05:37.711000,,,3198446,,36337
2022-12-28 15:05:38.240000,117.73,117.75,3198461,,
2022-12-28 15:05:38.758000,,,,,36338
2022-12-28 15:05:39.302000,117.71,117.72,3199545,,36339
2022-12-28 15:05:39.848000,,117.73,3199808,,
2022-12-28 15:05:40.352000,117.72,117.74,,,36340
2022-12-28 15:05:40.884000,117.71,,3199905,,
2022-12-28 15:05:41.410000,117.72,,3199916,,36341
2022-12-28 15:05:41.923000,117.71,,3199919,,
2022-12-28 15:05:42.470000,117.7,117.72,3200212,,36342
2022-12-28 15:05:43.011000,,,3200312,,
2022-12-28 15:05:43.530000,117.72,117.74,3200333,,36343
2022-12-28 15:05:44.035000,117.71,,3200334,,
2022-12-28 15:05:44.561000,,,,,36344
2022-12-28 15:05:45.097000,117.72,,3200384,,36345
2022-12-28 15:05:45.602000,117.7,117.72,3200505,,
2022-12-28 15:05:46.137000,,117.71,3201023,,
2022-12-28 15:05:46.684000,117.67,117.69,3201909,,36346
2022-12-28 15:05:47.197000,117.68,117.71,3201926,,36347
2022-12-28 15:05:47.742000,,117.7,,,
2022-12-28 15:05:48.246000,117.65,117.67,3202036,,
2022-12-28 15:05:48.792000,,,3202112,,36348
2022-12-28 15:05:49.883000,117.67,117.7,3203929,,36349
2022-12-28 15:05:50.384000,117.66,117.69,,,36350
2022-12-28 15:05:50.903000,117.67,117.7,3203930,,
2022-12-28 15:05:51.444000,,117.69,3203932,,36351
2022-12-28 15:05:51.945000,,117.7,,,
2022-12-28 15:05:52.483000,117.65,117.66,3204242,,36352
2022-12-28 15:05:53.550000,117.63,117.65,3204356,,36353
2022-12-28 15:05:54.059000,,,3204366,,
2022-12-28 15:05:54.565000,,,3204368,,36354
2022-12-28 15:05:55.111000,,117.64,3204369,,
2022-12-28 15:05:55.623000,117.58,117.61,3204919,,36355
2022-12-28 15:05:56.131000,117.57,117.59,3204931,,
2022-12-28 15:05:56.643000,117.55,117.58,3212734,,36356
2022-12-28 15:05:57.168000,,117.56,,,
2022-12-28 15:05:57.682000,117.52,117.55,3213568,,36357
2022-12-28 15:05:58.227000,,,3213615,,36358
2022-12-28 15:05:58.746000,117.53,,3214402,,
2022-12-28 15:05:59.265000,117.56,117.59,3214883,,36359
2022-12-28 15:05:59.812000,117.57,,3215403,,
2022-12-28 15:06:00.332000,117.59,117.6,3215406,,
2022-12-28 15:06:00.870000,117.58,,3215581,,36360
2022-12-28 15:06:01.393000,117.56,117.59,3215731,,36361
2022-12-28 15:06:01.937000,117.52,117.54,3216106,,
2022-12-28 15:06:02.457000,117.53,117.56,3217163,,36362
2022-12-28 15:06:02.996000,,117.57,3217552,,
2022-12-28 15:06:03.518000,117.52,117.54,3222785,,36363
2022-12-28 15:06:04.020000,,,3222886,,
2022-12-28 15:06:04.540000,117.53,117.56,3223237,,36364
2022-12-28 15:06:05.056000,117.54,,3223291,,
2022-12-28 15:06:05.575000,117.53,,3223292,,36365
2022-12-28 15:06:06.097000,,,3223298,,
2022-12-28 15:06:06.615000,117.54,,3223309,,36366
2022-12-28 15:06:07.135000,117.53,,3223310,,
2022-12-28 15:06:07.674000,,,3223340,,36367
2022-12-28 15:06:08.219000,117.55,117.58,3224839,,
2022-12-28 15:06:08.763000,117.58,117.6,3225041,,36368
2022-12-28 15:06:09.274000,117.56,,3225344,,36369
2022-12-28 15:06:09.791000,117.58,,3225644,,
2022-12-28 15:06:10.292000,117.56,117.59,3225648,,
2022-12-28 15:06:10.811000,,,,,36370
2022-12-28 15:06:11.348000,117.57,,3225649,,36371
2022-12-28 15:06:11.868000,117.56,117.58,3230902,,
2022-12-28 15:06:12.416000,117.6,117.62,3231222,,36372
2022-12-28 15:06:12.934000,117.59,,3231840,,
2022-12-28 15:06:13.454000,117.6,117.63,3231867,,36373
2022-12-28 15:06:13.980000,117.59,117.62,,,
2022-12-28 15:06:14.521000,,117.61,3231877,,36374
2022-12-28 15:06:15.041000,117.58,,3231887,,
2022-12-28 15:06:15.556000,117.59,,3231888,,36375
2022-12-28 15:06:16.102000,117.6,,3231989,,
2022-12-28 15:06:16.648000,117.59,,3232490,,36376
2022-12-28 15:06:17.168000,117.61,117.62,3232799,,
2022-12-28 15:06:17.712000,117.62,117.64,3233136,,36377
2022-12-28 15:06:18.239000,,,3233168,,
2022-12-28 15:06:18.759000,117.61,117.63,3233250,,36378
2022-12-28 15:06:19.300000,,,3233365,,36379
2022-12-28 15:06:19.820000,,,3233369,,
2022-12-28 15:06:20.324000,,117.64,3233378,,
2022-12-28 15:06:20.843000,,,,,36380
2022-12-28 15:06:21.364000,117.63,117.65,3234786,,36381
2022-12-28 15:06:21.910000,,,3234791,,
2022-12-28 15:06:22.412000,117.6,117.62,3235280,,36382
2022-12-28 15:06:22.939000,117.59,,3235333,,
2022-12-28 15:06:23.455000,117.62,117.65,,,36383
2022-12-28 15:06:23.975000,117.63,,3235534,,
2022-12-28 15:06:24.520000,117.62,,,,36384
2022-12-28 15:06:25.047000,117.63,,3235636,,
2022-12-28 15:06:25.559000,,,3235760,,
2022-12-28 15:06:26.103000,,,3235765,,36385
2022-12-28 15:06:26.623000,,,3235767,,36386
2022-12-28 15:06:27.142000,,117.66,3236397,,36387
2022-12-28 15:06:27.648000,,,3236413,,
2022-12-28 15:06:28.168000,117.65,117.67,3237266,,
2022-12-28 15:06:28.714000,,,3237386,,36388
2022-12-28 15:06:29.215000,,,3237391,,
2022-12-28 15:06:29.734000,117.63,117.65,3237542,,36389
2022-12-28 15:06:30.266000,,,3237759,,
2022-12-28 15:06:30.813000,117.65,117.67,3237776,,36390
2022-12-28 15:06:31.354000,117.66,117.68,3238628,,36391
2022-12-28 15:06:31.873000,117.65,,3239048,,
2022-12-28 15:06:32.388000,117.63,117.65,3239386,,36392
2022-12-28 15:06:32.908000,117.65,117.67,3239391,,
2022-12-28 15:06:33.454000,117.63,117.65,3239645,,36393
2022-12-28 15:06:33.974000,,117.66,3239646,,
2022-12-28 15:06:34.514000,117.64,,3239648,,36394
2022-12-28 15:06:35.034000,,117.67,3239649,,
2022-12-28 15:06:35.572000,,,,,36395
2022-12-28 15:06:36.116000,117.63,117.66,3239658,,
2022-12-28 15:06:36.660000,117.6,117.63,3242701,,36396
2022-12-28 15:06:37.227000,117.62,117.64,3243028,,36397
2022-12-28 15:06:37.748000,,,3243030,,
2022-12-28 15:06:38.293000,,,3243031,,
2022-12-28 15:06:38.840000,117.63,117.66,3243388,,36398
2022-12-28 15:06:39.381000,,,3243389,,36399
2022-12-28 15:06:39.928000,117.66,117.68,3243415,,
2022-12-28 15:06:40.468000,117.65,,3243417,,36400
2022-12-28 15:06:40.969000,117.66,117.69,3243469,,
2022-12-28 15:06:41.480000,117.65,117.68,3243581,,36401
2022-12-28 15:06:42.005000,117.67,,3245436,,
2022-12-28 15:06:42.524000,117.64,117.67,3245890,,36402
2022-12-28 15:06:43.030000,,117.66,3246290,,
2022-12-28 15:06:43.558000,117.63,,3246691,,36403
2022-12-28 15:06:44.590000,117.65,117.67,3246693,,36404
2022-12-28 15:06:45.096000,,,3248695,,
2022-12-28 15:06:45.642000,117.63,117.66,3248696,,36405
2022-12-28 15:06:46.167000,117.64,117.67,3248697,,36406
2022-12-28 15:06:46.669000,117.67,117.7,3249757,,
2022-12-28 15:06:47.214000,,117.69,3249759,,
2022-12-28 15:06:47.736000,,,3249761,,36407
2022-12-28 15:06:48.282000,117.68,,3250686,,
2022-12-28 15:06:48.815000,117.67,,3250724,,36408
2022-12-28 15:06:49.349000,,,3250725,,36409
2022-12-28 15:06:49.896000,,117.7,3251842,,
2022-12-28 15:06:50.439000,117.65,117.68,3252047,,36410
2022-12-28 15:06:50.984000,,117.67,3252048,,
2022-12-28 15:06:51.498000,,117.68,3252050,,36411
2022-12-28 15:06:52.045000,,117.69,,,
2022-12-28 15:06:52.571000,117.64,117.66,3253853,,36412
2022-12-28 15:06:53.111000,117.67,117.7,3254128,,
2022-12-28 15:06:53.658000,117.65,117.68,3254149,,36413
2022-12-28 15:06:54.203000,,,3254150,,36414
2022-12-28 15:06:54.748000,,,3254151,,
2022-12-28 15:06:55.287000,117.62,117.63,3254161,,
2022-12-28 15:06:55.799000,,,3254171,,
2022-12-28 15:06:56.342000,,117.64,3254416,,36416
2022-12-28 15:06:56.882000,117.63,117.65,3254417,,
2022-12-28 15:06:57.390000,,117.67,3254767,,36417
2022-12-28 15:06:57.918000,117.65,117.68,3254969,,
2022-12-28 15:06:58.438000,117.64,,3254972,,36418
2022-12-28 15:06:58.953000,117.62,117.65,3254973,,
2022-12-28 15:06:59.480000,,,3254992,,36419
2022-12-28 15:07:00.015000,117.6,117.63,3255418,,
2022-12-28 15:07:00.522000,117.62,117.65,,,36420
2022-12-28 15:07:01.051000,117.63,,,,
2022-12-28 15:07:01.563000,117.62,,3255518,,36421
2022-12-28 15:07:02.092000,,117.64,,,
2022-12-28 15:07:02.612000,,117.65,3255570,,36422
2022-12-28 15:07:03.139000,117.64,117.67,3255821,,
2022-12-28 15:07:03.682000,,,3255829,,36423
2022-12-28 15:07:04.195000,117.63,117.66,3256354,,
2022-12-28 15:07:04.703000,117.61,117.64,3256957,,36424
2022-12-28 15:07:05.230000,117.64,117.67,3256986,,36425
2022-12-28 15:07:05.764000,117.65,,3256987,,
2022-12-28 15:07:06.289000,,,3256988,,
2022-12-28 15:07:06.804000,,,3256989,,36426
2022-12-28 15:07:07.332000,,,3256990,,36427
2022-12-28 15:07:07.864000,,,3256991,,
2022-12-28 15:07:08.384000,117.66,117.69,3257887,,36428
2022-12-28 15:07:08.891000,117.64,117.66,3257917,,
2022-12-28 15:07:09.420000,117.62,117.64,3258830,,36429
2022-12-28 15:07:09.941000,,,3258831,,
2022-12-28 15:07:10.449000,117.57,117.6,3261043,,36430
2022-12-28 15:07:10.984000,,117.59,3261246,,
2022-12-28 15:07:11.513000,117.53,117.55,3261868,,36431
2022-12-28 15:07:12.058000,117.54,117.56,3261959,,
2022-12-28 15:07:12.573000,117.55,117.57,,,36432
2022-12-28 15:07:13.092000,117.59,117.62,3263081,,
2022-12-28 15:07:13.639000,117.58,117.61,3263334,,36433
2022-12-28 15:07:14.146000,117.55,117.58,3263836,,36434
2022-12-28 15:07:14.654000,117.53,117.55,3263986,,
2022-12-28 15:07:15.186000,117.54,117.56,3264033,,36435
2022-12-28 15:07:15.727000,,,3264034,,
2022-12-28 15:07:16.253000,117.58,117.6,3265152,,36436
2022-12-28 15:07:16.754000,117.56,117.59,3265183,,
2022-12-28 15:07:17.266000,,,3265184,,
2022-12-28 15:07:17.813000,117.55,117.58,3265187,,36437
2022-12-28 15:07:18.328000,117.56,,3265197,,36438
2022-12-28 15:07:18.848000,,,3265201,,
2022-12-28 15:07:19.368000,117.55,,3265211,,36439
2022-12-28 15:07:19.896000,117.56,,3265214,,
2022-12-28 15:07:20.425000,,,3265314,,36440
2022-12-28 15:07:21.483000,,,3265317,,
2022-12-28 15:07:22.029000,117.58,117.6,3266131,,36441
2022-12-28 15:07:22.573000,117.59,,,,36442
2022-12-28 15:07:23.094000,117.57,,3266453,,
2022-12-28 15:07:23.613000,,117.59,3266503,,36443
2022-12-28 15:07:24.134000,117.59,117.6,3266708,,
2022-12-28 15:07:24.673000,117.61,117.64,3266944,,36444
2022-12-28 15:07:25.195000,117.6,117.62,3266946,,36445
2022-12-28 15:07:25.733000,117.57,117.58,3267112,,
2022-12-28 15:07:26.237000,117.59,117.62,3267312,,36446
2022-12-28 15:07:26.776000,117.63,117.64,,,
2022-12-28 15:07:27.296000,117.6,117.63,3267413,,36447
2022-12-28 15:07:27.845000,,,3268213,,
2022-12-28 15:07:28.366000,117.57,117.59,3268427,,36448
2022-12-28 15:07:28.886000,117.58,117.6,,,
2022-12-28 15:07:29.433000,117.57,117.59,3268835,,36449
2022-12-28 15:07:29.976000,117.58,117.6,3268836,,
2022-12-28 15:07:30.502000,,,3270082,,36450
2022-12-28 15:07:31.043000,,,3270140,,
2022-12-28 15:07:31.563000,117.62,117.65,3270485,,36451
2022-12-28 15:07:32.104000,117.63,117.66,3270488,,
2022-12-28 15:07:32.650000,117.62,117.65,3270731,,36452
2022-12-28 15:07:33.184000,117.63,117.66,3270760,,36453
2022-12-28 15:07:33.703000,,,3271626,,
2022-12-28 15:07:34.247000,117.62,117.65,3271647,,36454
2022-12-28 15:07:34.798000,117.63,,3271667,,
2022-12-28 15:07:35.345000,,,,,36455
2022-12-28 15:07:35.860000,,,3271790,,
2022-12-28 15:07:36.363000,117.66,117.69,3273013,,36456
2022-12-28 15:07:37.380000,,,3273324,,36457
2022-12-28 15:07:37.892000,,117.68,3273466,,
2022-12-28 15:07:38.413000,117.65,,3273601,,36458
2022-12-28 15:07:38.917000,,,3273602,,
2022-12-28 15:07:39.438000,117.63,117.64,3274222,,36459
2022-12-28 15:07:39.942000,,,3274224,,
2022-12-28 15:07:40.464000,,117.65,,,36460
2022-12-28 15:07:41.003000,117.6,117.62,3279128,,
2022-12-28 15:07:41.520000,,,,,36461
2022-12-28 15:07:42.040000,,,3280530,,
2022-12-28 15:07:42.578000,117.59,117.61,3280542,,36462
2022-12-28 15:07:43.125000,,117.62,3280944,,
2022-12-28 15:07:43.646000,117.6,,3280945,,36463
2022-12-28 15:07:44.165000,117.59,,3280966,,36464
2022-12-28 15:07:44.706000,117.6,,3280967,,
2022-12-28 15:07:45.253000,117.59,,,,36465
2022-12-28 15:07:45.798000,,,3282601,,
2022-12-28 15:07:46.316000,,117.6,3282751,,36466
2022-12-28 15:07:46.839000,,,3283183,,
2022-12-28 15:07:47.367000,117.56,117.58,3284417,,36467
2022-12-28 15:07:47.896000,117.54,117.56,3284422,,
2022-12-28 15:07:48.398000,117.55,117.57,3284424,,36468
2022-12-28 15:07:48.917000,,,3284425,,
2022-12-28 15:07:49.443000,117.56,117.59,3285082,,36469
2022-12-28 15:07:49.965000,,117.58,3285114,,
2022-12-28 15:07:50.497000,117.55,117.57,,,36470
2022-12-28 15:07:51.060000,,,3286492,,
2022-12-28 15:07:51.583000,,,3286498,,36471
2022-12-28 15:07:52.113000,117.52,117.54,3286924,,
2022-12-28 15:07:52.657000,117.46,117.47,3287650,,36472
2022-12-28 15:07:53.190000,,117.48,3287840,,
2022-12-28 15:07:53.703000,117.48,117.51,3288784,,36473
2022-12-28 15:07:54.237000,,,3290910,,36474
2022-12-28 15:07:54.785000,117.5,117.52,3290960,,
2022-12-28 15:07:55.368000,117.53,117.56,3291095,,36475
2022-12-28 15:07:55.870000,,117.55,3291145,,
2022-12-28 15:07:56.430000,117.52,,3291958,,36476
2022-12-28 15:07:56.966000,117.47,117.5,3292493,,
2022-12-28 15:07:57.516000,117.43,117.46,3295892,,36477
2022-12-28 15:07:58.045000,117.46,117.49,3295995,,
2022-12-28 15:07:58.582000,117.47,117.5,3296108,,36478
2022-12-28 15:07:59.097000,,,3296222,,
2022-12-28 15:07:59.622000,,,3296244,,36479
2022-12-28 15:08:00.154000,,,3296327,,
2022-12-28 15:08:00.683000,,,3297727,,36480
2022-12-28 15:08:01.229000,117.48,,3298823,,36481
2022-12-28 15:08:02.249000,117.51,117.52,3299776,,36482
2022-12-28 15:08:02.790000,117.49,,3300076,,
2022-12-28 15:08:03.317000,,,3300086,,
2022-12-28 15:08:03.849000,117.53,117.56,,,36483
2022-12-28 15:08:04.375000,,117.55,3300106,,36484
2022-12-28 15:08:04.890000,,,3300277,,
2022-12-28 15:08:05.416000,117.55,117.58,3300628,,36485
2022-12-28 15:08:05.930000,117.56,117.59,3300679,,
2022-12-28 15:08:06.478000,117.57,117.6,3300686,,36486
2022-12-28 15:08:07.017000,,,3300687,,
2022-12-28 15:08:07.545000,,,3300718,,36487
2022-12-28 15:08:08.084000,117.56,117.59,3300819,,
2022-12-28 15:08:08.585000,,117.6,3300920,,36488
2022-12-28 15:08:09.105000,117.57,,3301124,,
2022-12-28 15:08:09.625000,,,3301125,,
2022-12-28 15:08:10.166000,,,3301925,,36489
2022-12-28 15:08:10.685000,,,3303430,,36490
2022-12-28 15:08:11.187000,117.58,117.59,,,36491
2022-12-28 15:08:11.709000,117.56,,3303531,,
2022-12-28 15:08:12.228000,117.57,117.58,3303632,,36492
2022-12-28 15:08:12.747000,117.54,117.56,3304391,,
2022-12-28 15:08:13.285000,117.56,117.59,3304702,,36493
2022-12-28 15:08:13.823000,,117.58,3304913,,
2022-12-28 15:08:14.883000,117.55,117.57,,,36494
2022-12-28 15:08:15.410000,,,3305013,,
2022-12-28 15:08:15.925000,117.54,117.56,3305515,,36495
2022-12-28 15:08:16.471000,,117.55,,,36496
2022-12-28 15:08:16.991000,117.53,117.54,3306416,,
2022-12-28 15:08:17.503000,117.47,117.5,3306652,,36497
2022-12-28 15:08:18.022000,117.48,117.51,3307713,,
2022-12-28 15:08:18.567000,,,3307820,,36498
2022-12-28 15:08:19.130000,117.47,117.5,3308044,,
2022-12-28 15:08:19.633000,117.5,117.53,3309294,,36499
2022-12-28 15:08:20.168000,,,3309295,,
2022-12-28 15:08:20.697000,117.56,117.59,3310115,,36500
2022-12-28 15:08:21.209000,,117.58,3310118,,36501
2022-12-28 15:08:21.711000,117.54,117.56,3310419,,
2022-12-28 15:08:22.785000,117.55,117.57,3310424,,36502
2022-12-28 15:08:23.305000,117.56,117.59,,,36503
2022-12-28 15:08:23.823000,117.58,117.6,3311734,,
2022-12-28 15:08:24.326000,117.57,117.59,3311746,,
2022-12-28 15:08:24.846000,117.58,117.6,3312367,,36504
2022-12-28 15:08:25.349000,117.56,117.58,3313268,,
2022-12-28 15:08:25.876000,117.57,117.59,3313368,,36505
2022-12-28 15:08:26.401000,117.61,117.63,3315631,,36506
2022-12-28 15:08:26.919000,,117.64,3315653,,
2022-12-28 15:08:27.439000,117.6,117.63,3316449,,36507
2022-12-28 15:08:27.957000,,,3316450,,
2022-12-28 15:08:28.476000,,,3316451,,36508
2022-12-28 15:08:28.997000,,117.64,3317452,,
2022-12-28 15:08:29.517000,117.61,117.63,3317460,,36509
2022-12-28 15:08:30.035000,117.6,,3317510,,
2022-12-28 15:08:30.581000,117.61,,3318211,,36510
2022-12-28 15:08:31.122000,117.6,117.62,3318613,,
2022-12-28 15:08:31.623000,,,3318713,,36511
2022-12-28 15:08:32.161000,,117.61,3319701,,
2022-12-28 15:08:32.681000,,,3319744,,36512
2022-12-28 15:08:33.201000,,117.62,3319800,,36513
2022-12-28 15:08:33.707000,117.55,117.58,3320772,,
2022-12-28 15:08:34.219000,,117.57,3320866,,36514
2022-12-28 15:08:34.725000,,117.56,3321025,,
2022-12-28 15:08:35.236000,,117.57,3321533,,36515
2022-12-28 15:08:35.758000,,117.58,3321568,,
2022-12-28 15:08:36.297000,117.56,117.59,3322503,,36516
2022-12-28 15:08:36.830000,,,3322507,,
2022-12-28 15:08:37.338000,,,,,36517
2022-12-28 15:08:37.863000,117.55,,3322622,,
2022-12-28 15:08:38.369000,,117.57,3322632,,36518
2022-12-28 15:08:38.902000,,,3322635,,
2022-12-28 15:08:39.418000,,,,,36519
2022-12-28 15:08:39.923000,,117.58,,,
2022-12-28 15:08:40.439000,117.52,117.54,3324124,,36520
2022-12-28 15:08:40.966000,117.53,117.55,3324236,,
2022-12-28 15:08:41.479000,,117.56,3324240,,36521
2022-12-28 15:08:42.500000,,117.55,3324253,,36522
2022-12-28 15:08:43.038000,117.54,117.56,3329926,,
2022-12-28 15:08:43.585000,117.56,117.59,3338058,,36523
2022-12-28 15:08:44.127000,117.59,117.61,3338547,,
2022-12-28 15:08:44.633000,117.56,117.59,3338952,,36524
2022-12-28 15:08:45.166000,117.55,,3339802,,
2022-12-28 15:08:45.713000,,117.58,3339804,,36525
2022-12-28 15:08:46.229000,117.56,117.59,3339901,,36526
2022-12-28 15:08:47.317000,117.59,117.61,3340111,,36527
2022-12-28 15:08:47.823000,,117.62,,,
2022-12-28 15:08:48.356000,,117.61,3340112,,
2022-12-28 15:08:48.861000,,,3340916,,36528
2022-12-28 15:08:49.404000,,,3340917,,36529
2022-12-28 15:08:49.930000,,,3341017,,
2022-12-28 15:08:50.435000,117.58,,,,36530
2022-12-28 15:08:50.982000,,117.6,3341057,,
2022-12-28 15:08:51.504000,,,3341090,,36531
2022-12-28 15:08:52.049000,117.56,117.59,3341314,,
2022-12-28 15:08:52.565000,117.58,117.6,3341420,,36532
2022-12-28 15:08:53.112000,117.56,117.58,3341704,,
2022-12-28 15:08:53.652000,117.54,117.56,3341804,,36533
2022-12-28 15:08:54.199000,,,,,36534
2022-12-28 15:08:54.737000,,,3341807,,
2022-12-28 15:08:55.251000,,,3341811,,36535
2022-12-28 15:08:55.782000,,,3342211,,
2022-12-28 15:08:56.289000,,,3342212,,36536
2022-12-28 15:08:57.336000,,117.57,,,36537
2022-12-28 15:08:57.845000,,117.56,3342228,,
2022-12-28 15:08:58.372000,,117.57,3342229,,
2022-12-28 15:08:58.904000,,,,,36538
2022-12-28 15:08:59.412000,117.53,117.55,3342631,,
2022-12-28 15:08:59.947000,,,3344179,,36539
2022-12-28 15:09:00.454000,117.52,117.54,3344180,,36540
2022-12-28 15:09:00.962000,,,3344181,,
2022-12-28 15:09:01.463000,117.48,117.51,3344540,,36541
2022-12-28 15:09:01.983000,117.49,,3344543,,
2022-12-28 15:09:02.515000,117.48,117.5,3345595,,36542
2022-12-28 15:09:03.048000,117.46,117.48,3345920,,
2022-12-28 15:09:03.554000,117.48,117.51,3346428,,36543
2022-12-28 15:09:04.059000,117.5,117.53,3346729,,
2022-12-28 15:09:04.596000,,,3346929,,36544
2022-12-28 15:09:05.123000,117.52,117.55,3347489,,
2022-12-28 15:09:05.638000,117.53,,3347490,,36545
2022-12-28 15:09:06.158000,117.52,,3347588,,
2022-12-28 15:09:06.676000,117.53,,,,36546
2022-12-28 15:09:07.224000,117.49,117.52,3347763,,36547
2022-12-28 15:09:07.745000,117.51,117.54,3347764,,
2022-12-28 15:09:08.253000,,,3347866,,36548
2022-12-28 15:09:08.775000,117.5,117.53,3347877,,
2022-12-28 15:09:09.290000,117.49,117.5,3348037,,36549
2022-12-28 15:09:10.321000,,,3348187,,36550
2022-12-28 15:09:10.838000,,117.51,3348188,,
2022-12-28 15:09:11.342000,,,3349197,,36551
2022-12-28 15:09:11.868000,,,3349288,,
2022-12-28 15:09:12.411000,,117.5,3349312,,
2022-12-28 15:09:12.946000,,117.51,3349861,,36552
2022-12-28 15:09:13.451000,,117.5,3351001,,36553
2022-12-28 15:09:13.999000,,117.51,3352653,,
2022-12-28 15:09:14.531000,117.44,117.47,3353727,,36554
2022-12-28 15:09:15.057000,117.42,117.44,3364275,,
2022-12-28 15:09:15.579000,117.4,117.43,3367662,,36555
2022-12-28 15:09:16.085000,,117.44,3368669,,
2022-12-28 15:09:16.606000,117.41,,3368930,,36556
2022-12-28 15:09:17.144000,117.42,117.45,3369452,,
2022-12-28 15:09:17.672000,117.43,117.47,3369735,,36557
2022-12-28 15:09:18.187000,117.46,117.48,3369836,,36558
2022-12-28 15:09:18.715000,,,3370088,,
2022-12-28 15:09:19.246000,,,3370090,,36559
2022-12-28 15:09:19.793000,,,3370093,,
2022-12-28 15:09:20.331000,,117.47,3371593,,36560
2022-12-28 15:09:20.877000,117.42,117.44,3374616,,
2022-12-28 15:09:21.379000,117.43,117.46,3374618,,36561
2022-12-28 15:09:21.893000,117.42,117.45,,,
2022-12-28 15:09:22.438000,,,3376368,,36562
2022-12-28 15:09:22.965000,,,3377374,,
2022-12-28 15:09:23.512000,,,,,36563
2022-12-28 15:09:24.054000,,,3377379,,
2022-12-28 15:09:24.569000,,,,,36564
2022-12-28 15:09:25.095000,,,3377479,,
2022-12-28 15:09:25.602000,,117.44,3380040,,36565
2022-12-28 15:09:26.118000,117.44,117.46,3380846,,
2022-12-28 15:09:26.702000,117.43,,3380857,,36566
2022-12-28 15:09:27.788000,117.46,117.47,3381603,,36567
2022-12-28 15:09:28.308000,117.47,117.49,3381967,,36568
2022-12-28 15:09:28.829000,117.46,117.48,3381970,,
2022-12-28 15:09:29.345000,,,3381985,,36569
2022-12-28 15:09:29.889000,117.44,,3382140,,
2022-12-28 15:09:30.432000,117.46,,3382145,,36570
2022-12-28 15:09:30.979000,117.47,117.49,3386348,,
2022-12-28 15:09:31.514000,117.48,117.5,3386679,,36571
2022-12-28 15:09:32.025000,117.5,117.52,3387090,,
2022-12-28 15:09:32.551000,,,3388100,,
2022-12-28 15:09:33.060000,,,3388103,,36572
2022-12-28 15:09:33.586000,,,3388107,,36573
2022-12-28 15:09:34.101000,117.51,117.53,3388391,,
2022-12-28 15:09:34.608000,117.53,117.55,3388662,,36574
2022-12-28 15:09:35.139000,117.52,,3388663,,
2022-12-28 15:09:35.686000,117.5,117.53,3388763,,36575
2022-12-28 15:09:36.225000,,117.54,3388794,,36576
2022-12-28 15:09:36.730000,,117.53,3388796,,
2022-12-28 15:09:37.243000,,,3388886,,36577
2022-12-28 15:09:37.769000,,,3388922,,
2022-12-28 15:09:38.282000,,117.51,3389125,,36578
2022-12-28 15:09:39.333000,,,3389131,,
2022-12-28 15:09:39.853000,117.44,117.46,3389461,,36579
2022-12-28 15:09:40.366000,117.45,117.47,3389861,,36580
2022-12-28 15:09:40.885000,117.44,117.48,,,
2022-12-28 15:09:41.404000,117.42,117.46,3389896,,36581
2022-12-28 15:09:41.932000,,117.44,3389903,,
2022-12-28 15:09:42.456000,,,3390017,,36582
2022-12-28 15:09:42.973000,117.43,,3390018,,
2022-12-28 15:09:43.562000,117.42,,3390062,,36583
2022-12-28 15:09:44.637000,,,3390063,,36584
2022-12-28 15:09:45.183000,,,3390964,,
2022-12-28 15:09:45.698000,,,3391075,,36585
2022-12-28 15:09:46.224000,,,3391076,,36586
2022-12-28 15:09:47.271000,117.41,,3391876,,36587
2022-12-28 15:09:47.804000,,,3392426,,
2022-12-28 15:09:48.312000,,117.43,3393118,,36588
2022-12-28 15:09:48.839000,117.43,117.46,3393133,,
2022-12-28 15:09:49.362000,,,3393226,,
2022-12-28 15:09:49.890000,117.44,,3393239,,36589
2022-12-28 15:09:50.396000,,,3393244,,36590
2022-12-28 15:09:50.897000,,,3393245,,
2022-12-28 15:09:51.485000,117.41,117.45,3393348,,36591
2022-12-28 15:09:52.007000,,117.44,3393349,,
2022-12-28 15:09:52.551000,,117.43,3393421,,36592
2022-12-28 15:09:53.071000,,,3393453,,
2022-12-28 15:09:53.611000,,,,,36593
2022-12-28 15:09:54.159000,,117.42,3394155,,
2022-12-28 15:09:55.214000,117.42,117.45,3394255,,36595
2022-12-28 15:09:55.752000,117.43,117.46,3394275,,
2022-12-28 15:09:56.292000,117.44,,,,36596
2022-12-28 15:09:56.797000,,,3394526,,
2022-12-28 15:09:57.323000,117.43,,3394679,,
2022-12-28 15:09:57.830000,117.44,,3394781,,36597
2022-12-28 15:09:58.347000,,,3394783,,
2022-12-28 15:09:58.877000,117.45,117.48,3394886,,36598
2022-12-28 15:09:59.399000,117.46,117.5,,,
2022-12-28 15:09:59.931000,117.48,117.51,3394934,,36599
2022-12-28 15:10:00.435000,117.47,,3395700,,36600
2022-12-28 15:10:00.981000,117.46,117.49,3395701,,
2022-12-28 15:10:01.537000,117.43,117.45,3395901,,36601
2022-12-28 15:10:02.058000,117.44,117.47,3397079,,
2022-12-28 15:10:02.565000,117.43,117.44,3398582,,36602
2022-12-28 15:10:03.138000,117.41,117.43,3398983,,
2022-12-28 15:10:03.644000,,,3399314,,36603
2022-12-28 15:10:04.181000,117.42,117.45,3399603,,
2022-12-28 15:10:04.718000,117.41,117.43,3399803,,36604
2022-12-28 15:10:05.237000,,,3399823,,36605
2022-12-28 15:10:05.743000,117.42,,3399978,,
2022-12-28 15:10:06.286000,117.41,,3401158,,36606
2022-12-28 15:10:06.831000,,,3401236,,
2022-12-28 15:10:07.369000,117.38,117.39,3407415,,36607
2022-12-28 15:10:07.896000,,,3407425,,
2022-12-28 15:10:08.443000,117.39,117.4,3407525,,36608
2022-12-28 15:10:08.951000,,,3407640,,
2022-12-28 15:10:09.492000,117.37,117.39,3408921,,36609
2022-12-28 15:10:10.532000,,,3409627,,36610
2022-12-28 15:10:11.079000,117.36,,3410584,,
2022-12-28 15:10:11.601000,,117.38,3410679,,36611
2022-12-28 15:10:12.108000,117.32,117.34,3411927,,
2022-12-28 15:10:12.618000,117.31,117.33,3412728,,36612
2022-12-28 15:10:13.124000,117.3,117.31,3412799,,
2022-12-28 15:10:13.638000,117.28,117.3,3412945,,36613
2022-12-28 15:10:14.179000,117.27,117.29,3415810,,
2022-12-28 15:10:14.683000,117.29,117.32,3419733,,36614
2022-12-28 15:10:15.229000,,,3420015,,36615
2022-12-28 15:10:15.766000,,117.31,3421142,,
2022-12-28 15:10:16.293000,117.28,117.3,3421150,,36616
2022-12-28 15:10:16.824000,,,3421567,,
2022-12-28 15:10:17.370000,,,3422899,,
2022-12-28 15:10:17.891000,117.26,117.29,3423181,,36617
2022-12-28 15:10:18.417000,117.31,117.32,3424263,,36618
2022-12-28 15:10:18.932000,117.33,117.35,3425350,,
2022-12-28 15:10:19.478000,117.32,,3425351,,36619
2022-12-28 15:10:20.026000,,,3425401,,
2022-12-28 15:10:20.573000,117.35,117.36,3426571,,36620
2022-12-28 15:10:21.118000,,,3426831,,
2022-12-28 15:10:22.184000,117.34,,3426997,,36621
2022-12-28 15:10:22.731000,,,3427108,,36622
2022-12-28 15:10:23.247000,117.36,117.39,3427533,,36623
2022-12-28 15:10:23.765000,,117.38,3427534,,
2022-12-28 15:10:24.288000,,,3427586,,36624
2022-12-28 15:10:24.796000,117.34,117.36,3427687,,
2022-12-28 15:10:25.332000,117.33,117.34,3427883,,36625
2022-12-28 15:10:25.853000,117.32,,3428148,,
2022-12-28 15:10:26.354000,117.35,117.38,3428170,,36626
2022-12-28 15:10:26.902000,117.33,117.36,3428671,,
2022-12-28 15:10:27.439000,,,3428871,,36627
2022-12-28 15:10:27.964000,117.32,117.34,,,
2022-12-28 15:10:28.491000,,,3429371,,36628
2022-12-28 15:10:28.997000,,,3429501,,
2022-12-28 15:10:30.038000,,,3429602,,36629
2022-12-28 15:10:30.546000,,117.35,3431911,,36630
2022-12-28 15:10:31.058000,,117.36,3432166,,
2022-12-28 15:10:31.604000,117.33,,3432574,,36631
2022-12-28 15:10:32.146000,,117.35,3433046,,
2022-12-28 15:10:32.672000,117.35,117.37,3433590,,36632
2022-12-28 15:10:33.185000,117.39,117.42,3434523,,
2022-12-28 15:10:33.731000,117.4,117.44,3434824,,36633
2022-12-28 15:10:34.275000,117.42,117.45,3435324,,36634
2022-12-28 15:10:34.784000,117.43,,,,
2022-12-28 15:10:35.298000,,,3435354,,36635
2022-12-28 15:10:35.820000,117.42,117.44,3435356,,
2022-12-28 15:10:36.326000,,,3435357,,36636
2022-12-28 15:10:36.835000,117.44,117.45,3436289,,
2022-12-28 15:10:37.340000,117.42,117.44,3436515,,36637
2022-12-28 15:10:37.875000,117.43,117.46,,,
2022-12-28 15:10:38.395000,,117.45,3441517,,36638
2022-12-28 15:10:38.915000,,,3442317,,
2022-12-28 15:10:39.460000,,117.46,3442322,,36639
2022-12-28 15:10:39.975000,117.44,117.47,3442327,,
2022-12-28 15:10:40.501000,117.43,,3442427,,36640
2022-12-28 15:10:41.023000,,117.46,3442428,,
2022-12-28 15:10:41.570000,,,3442429,,
2022-12-28 15:10:42.105000,117.41,117.43,3442812,,36641
2022-12-28 15:10:42.606000,,,,,36642
2022-12-28 15:10:43.118000,,,3442869,,
2022-12-28 15:10:43.626000,117.43,117.46,3444106,,36643
2022-12-28 15:10:44.138000,117.41,117.44,3444206,,
2022-12-28 15:10:44.652000,117.4,,3444207,,36644
2022-12-28 15:10:45.198000,,117.42,3444208,,
2022-12-28 15:10:45.743000,,,3444209,,36645
2022-12-28 15:10:46.282000,,,3444510,,
2022-12-28 15:10:46.809000,,,3444560,,36646
2022-12-28 15:10:47.350000,,,3444595,,
2022-12-28 15:10:47.876000,,,3444596,,36647
2022-12-28 15:10:48.390000,,117.41,3445047,,36648
2022-12-28 15:10:48.937000,,,3445247,,
2022-12-28 15:10:49.479000,117.41,117.42,3446550,,
2022-12-28 15:10:50.013000,,,3449550,,
2022-12-28 15:10:50.517000,117.4,,,,36650
2022-12-28 15:10:51.528000,117.44,117.45,3450158,,36651
2022-12-28 15:10:52.074000,,,3450169,,
2022-12-28 15:10:52.595000,,,3450251,,36652
2022-12-28 15:10:53.101000,117.41,117.44,,,
2022-12-28 15:10:53.608000,117.4,,3450327,,36653
2022-12-28 15:10:54.155000,117.42,,,,
2022-12-28 15:10:54.685000,,,3450488,,36654
2022-12-28 15:10:55.213000,117.45,117.47,3450679,,
2022-12-28 15:10:55.753000,117.48,117.51,3451417,,36655
2022-12-28 15:10:56.273000,117.47,117.5,3451513,,36656
2022-12-28 15:10:56.815000,117.51,117.53,3452722,,
2022-12-28 15:10:57.363000,,,,,36657
2022-12-28 15:10:57.886000,117.55,117.56,3455548,,
2022-12-28 15:10:58.406000,,117.58,3456788,,36658
2022-12-28 15:10:58.947000,117.53,117.56,3459253,,
2022-12-28 15:10:59.466000,,,3459384,,36659
2022-12-28 15:10:59.969000,117.52,117.55,3459484,,
2022-12-28 15:11:00.475000,117.54,117.56,3460085,,36660
2022-12-28 15:11:00.978000,,,3460136,,
2022-12-28 15:11:01.504000,117.52,117.55,3460380,,36661
2022-12-28 15:11:02.021000,,,3460381,,
2022-12-28 15:11:02.523000,,117.54,3460451,,36662
2022-12-28 15:11:03.064000,117.48,117.5,3460884,,
2022-12-28 15:11:03.570000,117.46,117.47,3461235,,36663
2022-12-28 15:11:04.105000,,117.48,3461409,,
2022-12-28 15:11:04.631000,,,,,36664
2022-12-28 15:11:05.145000,,117.49,3461637,,
2022-12-28 15:11:05.674000,117.47,,3461638,,36665
2022-12-28 15:11:06.212000,117.46,,3461713,,
2022-12-28 15:11:06.740000,117.44,117.47,3461815,,36666
2022-12-28 15:11:07.286000,,117.46,3461816,,
2022-12-28 15:11:07.806000,,,3461817,,36667
2022-12-28 15:11:08.339000,,,3461825,,36668
2022-12-28 15:11:08.840000,117.43,117.45,3462325,,
2022-12-28 15:11:09.366000,117.45,117.48,3462736,,36669
2022-12-28 15:11:09.888000,117.44,117.47,,,
2022-12-28 15:11:10.435000,117.5,117.52,3463262,,36670
2022-12-28 15:11:10.967000,117.47,117.5,3463264,,
2022-12-28 15:11:11.477000,117.48,,3463398,,36671
2022-12-28 15:11:11.997000,,,3463400,,
2022-12-28 15:11:12.519000,117.45,117.48,3463664,,36672
2022-12-28 15:11:13.041000,117.43,117.46,3464364,,
2022-12-28 15:11:13.586000,117.44,117.47,3464369,,36673
2022-12-28 15:11:14.113000,117.43,117.46,,,
2022-12-28 15:11:14.650000,,117.45,,,36674
2022-12-28 15:11:15.169000,,,3464370,,
2022-12-28 15:11:15.714000,,,3464821,,36675
2022-12-28 15:11:16.259000,117.42,,3465562,,36676
2022-12-28 15:11:16.775000,,117.44,3465713,,
2022-12-28 15:11:17.296000,,117.45,3465813,,36677
2022-12-28 15:11:18.336000,117.43,117.46,3466314,,36678
2022-12-28 15:11:18.882000,117.44,,3466346,,
2022-12-28 15:11:19.426000,,,3466354,,36679
2022-12-28 15:11:19.947000,117.41,117.43,3469466,,
2022-12-28 15:11:20.489000,117.39,117.4,3469956,,36680
2022-12-28 15:11:21.013000,,117.41,3469957,,
2022-12-28 15:11:21.559000,,,3469959,,36681
2022-12-28 15:11:22.605000,,,3470023,,36682
2022-12-28 15:11:23.121000,117.4,117.42,3470123,,
2022-12-28 15:11:23.667000,117.39,117.41,3470168,,36683
2022-12-28 15:11:24.187000,117.42,117.45,3470568,,
2022-12-28 15:11:24.713000,,117.46,,,36684
2022-12-28 15:11:25.219000,117.4,117.43,3470588,,
2022-12-28 15:11:25.731000,,,,,36685
2022-12-28 15:11:26.259000,117.44,117.46,3470977,,36686
2022-12-28 15:11:26.784000,,,3470978,,
2022-12-28 15:11:27.320000,,,3473579,,
2022-12-28 15:11:27.866000,,,3473599,,36687
2022-12-28 15:11:28.393000,,,3473600,,36688
2022-12-28 15:11:28.920000,,,3473601,,
2022-12-28 15:11:29.457000,117.41,117.44,3473906,,36689
2022-12-28 15:11:29.983000,117.42,117.45,3473966,,
2022-12-28 15:11:30.491000,117.43,,3473967,,36690
2022-12-28 15:11:31.022000,,,3473968,,
2022-12-28 15:11:31.561000,,,,,36691
2022-12-28 15:11:32.133000,117.42,,3473969,,
2022-12-28 15:11:32.634000,,,3473970,,36692
2022-12-28 15:11:33.674000,,,,,36693
2022-12-28 15:11:34.187000,,,3474071,,
2022-12-28 15:11:34.712000,117.43,,3474072,,36694
2022-12-28 15:11:35.760000,117.42,,3474079,,36695
2022-12-28 15:11:36.270000,117.43,,,,36696
2022-12-28 15:11:36.817000,,117.46,3474494,,
2022-12-28 15:11:37.354000,117.42,117.44,3474792,,36697
2022-12-28 15:11:37.877000,117.41,117.42,3474902,,
2022-12-28 15:11:38.391000,117.39,117.4,3476645,,36698
2022-12-28 15:11:38.939000,117.41,117.43,3476747,,
2022-12-28 15:11:39.480000,117.42,117.45,,,36699
2022-12-28 15:11:39.985000,117.4,117.43,3476954,,
2022-12-28 15:11:40.504000,117.41,117.45,3476955,,36700
2022-12-28 15:11:41.025000,,117.44,,,
2022-12-28 15:11:41.571000,117.39,117.42,3477161,,36701
2022-12-28 15:11:42.111000,,117.41,3477181,,
2022-12-28 15:11:42.631000,,117.4,3477323,,36702
2022-12-28 15:11:43.173000,117.38,117.41,3478079,,
2022-12-28 15:11:43.693000,117.35,117.38,3478299,,36703
2022-12-28 15:11:44.715000,117.36,,3478312,,36704
2022-12-28 15:11:45.232000,,,3478315,,36705
2022-12-28 15:11:46.248000,,,3478661,,36706
2022-12-28 15:11:46.775000,,,3478663,,
2022-12-28 15:11:47.314000,,,3478664,,
2022-12-28 15:11:47.833000,,,3478775,,36707
2022-12-28 15:11:48.335000,,117.37,3479275,,36708
2022-12-28 15:11:48.836000,117.34,117.36,3482375,,
2022-12-28 15:11:49.356000,,,,,36709
2022-12-28 15:11:49.876000,,,3482377,,
2022-12-28 15:11:50.413000,117.37,117.38,3483252,,
2022-12-28 15:11:50.931000,,,,,36710
2022-12-28 15:11:51.446000,117.36,,3483253,,36711
2022-12-28 15:11:51.964000,,117.4,3483256,,
2022-12-28 15:11:52.510000,117.38,117.41,3483461,,36712
2022-12-28 15:11:53.057000,,,3483561,,
2022-12-28 15:11:53.571000,117.37,117.4,3483611,,36713
2022-12-28 15:11:54.072000,117.36,,,,
2022-12-28 15:11:54.612000,117.37,,3483711,,36714
2022-12-28 15:11:55.137000,,,3483836,,
2022-12-28 15:11:55.652000,,117.41,3483839,,36715
2022-12-28 15:11:56.199000,117.36,117.39,3483854,,
2022-12-28 15:11:56.740000,,,3483864,,36716
2022-12-28 15:11:57.259000,,117.38,3483865,,36717
2022-12-28 15:11:57.779000,,,3483885,,
2022-12-28 15:11:58.300000,117.34,117.36,3485481,,
2022-12-28 15:11:58.817000,117.35,117.37,,,36718
2022-12-28 15:11:59.365000,,,3485511,,36719
2022-12-28 15:11:59.876000,,,3485513,,
2022-12-28 15:12:00.403000,117.37,117.39,3486168,,36720
2022-12-28 15:12:00.910000,117.34,117.36,3486178,,
2022-12-28 15:12:01.456000,117.35,117.37,3486298,,36721
2022-12-28 15:12:01.999000,117.3,117.31,3498163,,
2022-12-28 15:12:02.519000,,,,,36722
2022-12-28 15:12:03.037000,117.27,117.3,3501802,,
2022-12-28 15:12:03.557000,117.28,,3501812,,36723
2022-12-28 15:12:04.105000,,,3501815,,
2022-12-28 15:12:04.635000,117.33,117.35,3502317,,36724
2022-12-28 15:12:05.142000,117.34,,3502618,,
2022-12-28 15:12:05.667000,117.32,,3509125,,36725
2022-12-28 15:12:06.182000,,117.36,3509325,,
2022-12-28 15:12:06.715000,117.34,,3509632,,36726
2022-12-28 15:12:07.220000,117.33,117.35,3509876,,
2022-12-28 15:12:07.721000,117.32,117.34,3509877,,36727
2022-12-28 15:12:08.260000,,117.35,3510232,,36728
2022-12-28 15:12:08.788000,117.31,117.34,3511332,,
2022-12-28 15:12:09.321000,117.3,117.32,3512233,,36729
2022-12-28 15:12:09.848000,117.29,,3512333,,
2022-12-28 15:12:10.362000,117.26,117.29,3513909,,36730
2022-12-28 15:12:10.884000,,,3514000,,
2022-12-28 15:12:11.424000,117.28,117.3,3515080,,36731
2022-12-28 15:12:11.930000,117.29,117.33,3515380,,
2022-12-28 15:12:12.466000,,,3515383,,36732
2022-12-28 15:12:13.011000,,,3515384,,
2022-12-28 15:12:13.512000,117.3,,3515385,,36733
2022-12-28 15:12:14.043000,117.34,117.36,3516528,,
2022-12-28 15:12:14.559000,117.33,,3516738,,36734
2022-12-28 15:12:15.097000,,,3518382,,
2022-12-28 15:12:15.599000,117.37,117.39,3527321,,36735
2022-12-28 15:12:16.118000,117.38,117.4,3527903,,
2022-12-28 15:12:16.665000,,117.41,3528004,,36736
2022-12-28 15:12:17.212000,,,3528126,,
2022-12-28 15:12:17.752000,117.35,117.38,3528418,,36737
2022-12-28 15:12:18.297000,117.34,117.37,3528548,,
2022-12-28 15:12:18.819000,,117.38,3528550,,36738
2022-12-28 15:12:19.325000,117.31,117.35,3528770,,36739
2022-12-28 15:12:19.853000,117.33,,,,
2022-12-28 15:12:20.374000,117.35,117.38,3529189,,36740
2022-12-28 15:12:21.435000,117.33,117.37,,,36741
2022-12-28 15:12:21.940000,,,3529195,,
2022-12-28 15:12:22.450000,117.34,,3529246,,36742
2022-12-28 15:12:22.997000,117.32,117.34,3529364,,
2022-12-28 15:12:24.044000,117.29,117.31,3529975,,36743
2022-12-28 15:12:24.556000,,117.32,3531575,,36744
2022-12-28 15:12:25.102000,117.3,117.33,,,
2022-12-28 15:12:25.642000,117.29,117.32,3531676,,36745
2022-12-28 15:12:26.707000,117.3,117.33,,,36746
2022-12-28 15:12:27.233000,117.29,117.32,3532178,,36747
2022-12-28 15:12:27.775000,117.3,,3532179,,
2022-12-28 15:12:28.321000,117.31,117.33,3532371,,36748
2022-12-28 15:12:28.831000,,,3532391,,
2022-12-28 15:12:29.358000,,,,,36749
2022-12-28 15:12:29.874000,,,3532393,,
2022-12-28 15:12:30.400000,117.3,,3532400,,36750
2022-12-28 15:12:30.947000,117.31,,3532402,,
2022-12-28 15:12:31.979000,117.33,117.37,3532719,,36751
2022-12-28 15:12:32.525000,117.34,,3532730,,36752
2022-12-28 15:12:33.032000,117.35,,3533030,,
2022-12-28 15:12:33.557000,,,3533031,,36753
2022-12-28 15:12:34.067000,,,3535838,,
2022-12-28 15:12:34.578000,,,,,36754
2022-12-28 15:12:35.106000,117.34,,3535950,,
2022-12-28 15:12:35.626000,,,,,36755
2022-12-28 15:12:36.672000,,,3535966,,36756
2022-12-28 15:12:37.178000,,117.36,3536147,,
2022-12-28 15:12:37.687000,117.32,117.35,3536473,,36757
2022-12-28 15:12:38.215000,117.31,117.33,3536474,,
2022-12-28 15:12:38.734000,117.32,117.34,3536512,,36758
2022-12-28 15:12:39.278000,117.37,117.4,3537460,,36759
2022-12-28 15:12:39.805000,117.38,,3537626,,
2022-12-28 15:12:40.315000,117.37,,3537630,,36760
2022-12-28 15:12:40.849000,117.36,117.41,3537740,,
2022-12-28 15:12:41.356000,117.37,,3537840,,36761
2022-12-28 15:12:41.864000,117.38,,3538040,,
2022-12-28 15:12:42.396000,,,3539052,,
2022-12-28 15:12:42.924000,117.37,,3539857,,36762
2022-12-28 15:12:43.464000,,,3539957,,36763
2022-12-28 15:12:43.989000,117.38,,3540061,,
2022-12-28 15:12:44.504000,117.37,,3540091,,36764
2022-12-28 15:12:45.067000,,,3540197,,
2022-12-28 15:12:45.598000,117.35,117.38,3540497,,36765
2022-12-28 15:12:46.118000,,,3540648,,
2022-12-28 15:12:46.644000,117.36,117.39,,,36766
2022-12-28 15:12:47.149000,,,3540899,,
2022-12-28 15:12:47.665000,,,3540900,,
2022-12-28 15:12:48.190000,117.35,,3540960,,36767
2022-12-28 15:12:48.698000,117.36,,3540961,,36768
2022-12-28 15:12:50.015000,117.38,117.41,3541205,,36769
2022-12-28 15:12:50.529000,117.37,,3541270,,36770
2022-12-28 15:12:51.062000,117.36,117.4,3541420,,
2022-12-28 15:12:51.592000,,,3541427,,36771
2022-12-28 15:12:52.100000,117.35,117.39,3541679,,
2022-12-28 15:12:52.631000,117.38,117.41,3541682,,36772
2022-12-28 15:12:53.166000,117.37,,3541743,,
2022-12-28 15:12:53.671000,,,3541857,,36773
2022-12-28 15:12:54.205000,,,3541907,,
2022-12-28 15:12:54.736000,117.38,,3542019,,36774
2022-12-28 15:12:55.265000,117.37,117.4,3542099,,36775
2022-12-28 15:12:55.798000,117.35,117.38,3544216,,
2022-12-28 15:12:56.337000,,,3544217,,36776
2022-12-28 15:12:56.846000,,117.39,3544219,,
2022-12-28 15:12:57.372000,,,3544220,,
2022-12-28 15:12:57.904000,,117.38,3544593,,36777
2022-12-28 15:12:58.423000,,,3544618,,36778
2022-12-28 15:12:58.970000,117.32,117.35,3544868,,
2022-12-28 15:12:59.475000,,,3544869,,36779
2022-12-28 15:13:00.016000,,,3545123,,
2022-12-28 15:13:00.554000,117.31,117.34,3545124,,36780
2022-12-28 15:13:01.134000,,117.33,3545334,,
2022-12-28 15:13:01.667000,117.3,117.32,3546499,,36781
2022-12-28 15:13:02.174000,,,3546526,,
2022-12-28 15:13:02.701000,,,3546542,,36782
2022-12-28 15:13:03.214000,117.32,117.33,3547006,,
2022-12-28 15:13:03.740000,117.31,,3547107,,36783
2022-12-28 15:13:04.256000,,,3547636,,36784
2022-12-28 15:13:05.295000,,,3548636,,36785
2022-12-28 15:13:05.802000,117.3,,3548638,,
2022-12-28 15:13:06.337000,,117.32,3548640,,36786
2022-12-28 15:13:06.842000,,,3548732,,
2022-12-28 15:13:07.383000,,117.31,3548983,,36787
2022-12-28 15:13:07.903000,,,3551584,,
2022-12-28 15:13:08.415000,,117.32,3552921,,36788
2022-12-28 15:13:08.962000,117.31,117.33,3553404,,
2022-12-28 15:13:09.475000,117.3,,3553406,,36789
2022-12-28 15:13:09.980000,117.31,,3553498,,
2022-12-28 15:13:10.514000,117.32,117.35,3554066,,36790
2022-12-28 15:13:11.061000,117.33,,3554188,,
2022-12-28 15:13:11.600000,,,3554289,,36791
2022-12-28 15:13:12.130000,117.32,,3554335,,
2022-12-28 15:13:12.640000,117.36,117.38,3554917,,36792
2022-12-28 15:13:13.145000,,,3554919,,
2022-12-28 15:13:14.221000,,,3554920,,
2022-12-28 15:13:14.723000,117.37,117.39,3555130,,36794
2022-12-28 15:13:15.230000,,,3555332,,
2022-12-28 15:13:15.757000,117.36,117.38,3555775,,36795
2022-12-28 15:13:16.277000,117.34,117.35,3557279,,36796
2022-12-28 15:13:16.787000,117.35,117.37,3557379,,
2022-12-28 15:13:17.335000,117.37,117.4,3557487,,36797
2022-12-28 15:13:17.849000,,,3557594,,
2022-12-28 15:13:18.397000,,,3557595,,36798
2022-12-28 15:13:18.917000,117.35,117.38,3557596,,
2022-12-28 15:13:19.427000,117.34,117.36,3557697,,36799
2022-12-28 15:13:19.934000,,,3557698,,
2022-12-28 15:13:20.453000,117.3,117.32,3558100,,36800
2022-12-28 15:13:20.972000,,117.31,3558149,,
2022-12-28 15:13:21.481000,117.32,117.34,3558571,,36801
2022-12-28 15:13:21.996000,117.3,117.33,,,
2022-12-28 15:13:22.524000,117.33,117.36,,,36802
2022-12-28 15:13:23.545000,117.32,117.35,3558731,,36803
2022-12-28 15:13:24.048000,117.31,117.33,3558981,,
2022-12-28 15:13:24.595000,,117.34,3558982,,36804
2022-12-28 15:13:25.111000,,,3559082,,
2022-12-28 15:13:25.630000,,117.35,3559165,,36805
2022-12-28 15:13:26.171000,,117.33,3560479,,
2022-12-28 15:13:26.697000,,,3560480,,36806
2022-12-28 15:13:27.743000,,,,,36807
2022-12-28 15:13:28.255000,117.3,117.32,3561369,,36808
2022-12-28 15:13:28.760000,117.31,117.33,,,
2022-12-28 15:13:29.275000,117.3,,3561370,,36809
2022-12-28 15:13:29.820000,117.31,,3561371,,
2022-12-28 15:13:30.348000,117.3,,3561402,,36810
2022-12-28 15:13:30.862000,117.31,,3561453,,
2022-12-28 15:13:31.368000,,117.32,3561518,,36811
2022-12-28 15:13:31.893000,117.3,,3563151,,
2022-12-28 15:13:32.394000,,,3563302,,36812
2022-12-28 15:13:32.915000,,117.33,3563410,,
2022-12-28 15:13:33.460000,,,3563510,,36813
2022-12-28 15:13:34.001000,117.31,117.34,3563912,,
2022-12-28 15:13:34.507000,,,3564144,,36814
2022-12-28 15:13:35.047000,,117.33,3564196,,
2022-12-28 15:13:35.565000,117.33,117.35,3564207,,36815
2022-12-28 15:13:36.081000,117.35,117.38,3564242,,
2022-12-28 15:13:36.593000,117.37,,3564253,,36816
2022-12-28 15:13:37.118000,117.35,117.37,3564515,,
2022-12-28 15:13:37.664000,117.34,,3564765,,36817
2022-12-28 15:13:38.172000,117.31,117.34,3564785,,
2022-12-28 15:13:38.679000,117.33,117.35,3564928,,36818
2022-12-28 15:13:39.190000,117.35,117.38,3565037,,
2022-12-28 15:13:39.716000,117.37,117.39,3565097,,36819
2022-12-28 15:13:40.229000,,,3565098,,
2022-12-28 15:13:40.763000,117.36,,3565121,,36820
2022-12-28 15:13:41.286000,117.37,,3565506,,
2022-12-28 15:13:41.812000,,,,,36821
2022-12-28 15:13:42.336000,,,3565626,,
2022-12-28 15:13:42.855000,,,3565641,,36822
2022-12-28 15:13:43.398000,117.35,117.38,3565683,,36823
2022-12-28 15:13:43.915000,117.36,117.39,,,
2022-12-28 15:13:44.419000,,,3565693,,
2022-12-28 15:13:44.928000,,,,,36824
2022-12-28 15:13:45.475000,,117.38,3565819,,
2022-12-28 15:13:46.014000,117.38,117.39,3565951,,36825
2022-12-28 15:13:46.534000,117.4,117.43,3577673,,36826
2022-12-28 15:13:47.081000,117.41,,3577771,,
2022-12-28 15:13:47.629000,117.4,,3577971,,36827
2022-12-28 15:13:48.143000,,117.42,,,
2022-12-28 15:13:48.683000,,,3577975,,36828
2022-12-28 15:13:49.187000,117.36,117.39,3578176,,
2022-12-28 15:13:49.704000,117.35,117.38,3578416,,36829
2022-12-28 15:13:50.224000,,117.37,3578524,,
2022-12-28 15:13:50.767000,117.36,117.38,3578624,,36830
2022-12-28 15:13:51.272000,117.39,117.41,3578828,,36831
2022-12-28 15:13:51.786000,117.38,,3578928,,
2022-12-28 15:13:52.305000,117.36,117.4,3578979,,36832
2022-12-28 15:13:52.849000,,117.38,3579280,,
2022-12-28 15:13:53.397000,,,,,36833
2022-12-28 15:13:53.938000,117.37,117.39,3579281,,
2022-12-28 15:13:54.484000,117.38,117.4,3579331,,36834
2022-12-28 15:13:55.003000,117.37,117.39,3579353,,
2022-12-28 15:13:55.546000,117.35,117.37,3579519,,36835
2022-12-28 15:13:56.067000,,,3579719,,
2022-12-28 15:13:56.613000,,,,,36836
2022-12-28 15:13:58.226000,,,3579739,,36837
2022-12-28 15:13:58.767000,117.34,117.36,3579793,,36838
2022-12-28 15:13:59.287000,,,,,36839
2022-12-28 15:13:59.906000,117.35,117.37,3579843,,
2022-12-28 15:14:00.427000,,,3579850,,36840
2022-12-28 15:14:00.972000,117.41,117.43,3580424,,
2022-12-28 15:14:01.508000,,117.42,3580830,,36841
2022-12-28 15:14:02.027000,,117.43,3584133,,
2022-12-28 15:14:02.549000,,,3584134,,36842
2022-12-28 15:14:03.051000,,,3584235,,
2022-12-28 15:14:03.558000,,117.42,3584538,,36843
2022-12-28 15:14:04.087000,117.4,117.41,3585947,,
2022-12-28 15:14:04.600000,117.39,117.42,3586656,,36844
2022-12-28 15:14:05.120000,,117.41,3586671,,
2022-12-28 15:14:05.658000,117.38,117.4,3586961,,36845
2022-12-28 15:14:06.185000,,,3587178,,
2022-12-28 15:14:06.725000,117.36,117.39,3587181,,36846
2022-12-28 15:14:07.243000,,,3587186,,
2022-12-28 15:14:07.767000,,,3587206,,
2022-12-28 15:14:08.277000,,117.38,3587556,,36847
2022-12-28 15:14:08.782000,117.37,117.4,3587668,,36848
2022-12-28 15:14:09.284000,,,3587771,,36849
2022-12-28 15:14:09.820000,117.36,117.39,3587772,,
2022-12-28 15:14:10.340000,117.37,,3587773,,36850
2022-12-28 15:14:10.863000,117.39,117.42,3588946,,
2022-12-28 15:14:11.409000,,117.4,3588947,,
2022-12-28 15:14:11.923000,117.4,117.43,3589097,,36851
2022-12-28 15:14:12.450000,,,3589099,,36852
2022-12-28 15:14:12.970000,117.41,,3589129,,
2022-12-28 15:14:13.471000,,,3589180,,
2022-12-28 15:14:13.975000,,,3589430,,36853
2022-12-28 15:14:14.502000,,,3590390,,36854
2022-12-28 15:14:15.048000,,117.42,3590392,,
2022-12-28 15:14:15.589000,,117.43,3590495,,36855
2022-12-28 15:14:16.114000,,,3590530,,
2022-12-28 15:14:16.656000,,,,,36856
2022-12-28 15:14:17.197000,,,3590930,,
2022-12-28 15:14:17.743000,117.45,117.47,3591455,,36857
2022-12-28 15:14:18.251000,,,3591456,,
2022-12-28 15:14:18.799000,117.44,117.45,3592006,,36858
2022-12-28 15:14:19.329000,117.39,117.42,3593668,,36859
2022-12-28 15:14:19.848000,,117.41,3597870,,
2022-12-28 15:14:20.384000,117.4,117.43,,,36860
2022-12-28 15:14:20.889000,117.41,,3597871,,
2022-12-28 15:14:21.415000,,,3597906,,
2022-12-28 15:14:21.956000,,117.42,3600006,,36861
2022-12-28 15:14:22.475000,117.4,117.43,3600011,,
2022-12-28 15:14:22.997000,117.39,117.41,,,36862
2022-12-28 15:14:23.526000,,,3600293,,36863
2022-12-28 15:14:24.566000,,,3600294,,
2022-12-28 15:14:25.086000,117.42,117.44,3600419,,36864
2022-12-28 15:14:25.627000,,,3600578,,36865
2022-12-28 15:14:26.145000,,,3600579,,
2022-12-28 15:14:26.671000,,,3600679,,36866
2022-12-28 15:14:27.216000,,,3600954,,
2022-12-28 15:14:27.752000,,,,,36867
2022-12-28 15:14:28.256000,,,3601047,,
2022-12-28 15:14:28.804000,,,3601371,,36868
2022-12-28 15:14:29.343000,117.41,117.43,3601375,,36869
2022-12-28 15:14:29.851000,,,3601395,,
2022-12-28 15:14:30.361000,117.42,117.45,3601812,,36870
2022-12-28 15:14:30.864000,117.41,,3601837,,
2022-12-28 15:14:31.402000,117.42,,3601839,,36871
2022-12-28 15:14:31.922000,117.43,,3601841,,
2022-12-28 15:14:32.467000,117.44,,3601851,,36872
2022-12-28 15:14:32.987000,,,3602111,,
2022-12-28 15:14:33.529000,117.43,117.44,3602811,,
2022-12-28 15:14:34.056000,,117.45,3605541,,36873
2022-12-28 15:14:34.590000,,,3605966,,36874
2022-12-28 15:14:35.091000,,,3606827,,
2022-12-28 15:14:35.630000,,,3606828,,36875
2022-12-28 15:14:36.695000,117.44,117.46,3607338,,36876
2022-12-28 15:14:37.222000,117.43,117.44,3608613,,
2022-12-28 15:14:37.735000,,117.46,3609080,,36877
2022-12-28 15:14:38.253000,,117.45,3610081,,
2022-12-28 15:14:38.756000,117.44,117.46,3610245,,36878
2022-12-28 15:14:39.282000,,,3610246,,36879
2022-12-28 15:14:39.818000,117.46,117.48,3610371,,
2022-12-28 15:14:40.347000,117.44,,3610375,,36880
2022-12-28 15:14:40.858000,117.45,,3610411,,
2022-12-28 15:14:41.376000,117.44,117.47,3610415,,36881
2022-12-28 15:14:41.898000,117.45,117.48,3610416,,
2022-12-28 15:14:42.444000,117.46,,3610518,,36882
2022-12-28 15:14:42.956000,,,3610519,,
2022-12-28 15:14:43.502000,117.49,117.5,3613230,,36883
2022-12-28 15:14:44.028000,,117.51,3613558,,
2022-12-28 15:14:44.564000,,,3613658,,36884
2022-12-28 15:14:45.636000,,,,,36885
2022-12-28 15:14:46.153000,,,3613708,,
2022-12-28 15:14:46.664000,,,3613709,,
2022-12-28 15:14:47.183000,,,3613910,,36886
2022-12-28 15:14:47.702000,117.5,,,,36887
2022-12-28 15:14:48.248000,117.49,,3614411,,
2022-12-28 15:14:48.772000,,,3614412,,36888
2022-12-28 15:14:49.295000,117.46,117.49,3615194,,
2022-12-28 15:14:49.815000,117.42,117.44,3615306,,36889
2022-12-28 15:14:50.398000,,,3615316,,36890
2022-12-28 15:14:50.919000,,,3615326,,
2022-12-28 15:14:51.438000,117.44,117.46,3615426,,36891
2022-12-28 15:14:51.961000,,117.47,3615438,,
2022-12-28 15:14:52.467000,117.45,117.48,3615563,,36892
2022-12-28 15:14:53.529000,117.42,117.45,3616870,,36893
2022-12-28 15:14:54.048000,117.43,,3616875,,
2022-12-28 15:14:54.568000,,,3616877,,36894
2022-12-28 15:14:55.115000,117.42,,3616879,,
2022-12-28 15:14:55.642000,,117.44,3617030,,36895
2022-12-28 15:14:56.145000,,,3618565,,
2022-12-28 15:14:56.708000,117.43,,3618827,,36896
2022-12-28 15:14:57.228000,117.42,,3618841,,
2022-12-28 15:14:57.749000,117.44,117.45,3618941,,36897
2022-12-28 15:14:58.274000,117.46,117.49,3621231,,36898
2022-12-28 15:14:58.801000,,117.48,,,
2022-12-28 15:14:59.336000,,,3622232,,
2022-12-28 15:14:59.858000,,,3622429,,
2022-12-28 15:15:00.360000,117.47,117.49,3622544,,36900
2022-12-28 15:15:01.440000,117.46,117.48,,,36901
2022-12-28 15:15:01.961000,,117.47,3623333,,
2022-12-28 15:15:02.475000,,,3624333,,
2022-12-28 15:15:02.981000,,,3625333,,36902
2022-12-28 15:15:03.483000,117.47,117.48,3625840,,36903
2022-12-28 15:15:04.029000,,,3626053,,
2022-12-28 15:15:04.548000,,,3626064,,
2022-12-28 15:15:05.068000,,,3626164,,36904
2022-12-28 15:15:05.583000,117.49,117.51,3626483,,36905
2022-12-28 15:15:06.130000,,,3627134,,
2022-12-28 15:15:06.671000,,,3627234,,36906
2022-12-28 15:15:07.216000,,117.5,3627358,,
2022-12-28 15:15:07.739000,117.48,,3627462,,36907
2022-12-28 15:15:08.262000,117.49,,3627465,,
2022-12-28 15:15:08.807000,,117.51,3628718,,36908
2022-12-28 15:15:09.326000,,,3629919,,36909
2022-12-28 15:15:09.854000,117.51,117.53,3630219,,
2022-12-28 15:15:10.395000,,,3630220,,36910
2022-12-28 15:15:10.916000,,,3630244,,
2022-12-28 15:15:11.441000,117.5,117.52,,,36911
2022-12-28 15:15:11.969000,117.49,117.5,3630908,,
2022-12-28 15:15:12.486000,117.5,117.51,3633190,,36912
2022-12-28 15:15:12.989000,,117.52,,,
2022-12-28 15:15:13.555000,,,3633191,,
2022-12-28 15:15:14.103000,117.51,117.53,3633202,,36913
2022-12-28 15:15:14.642000,,117.54,3636551,,36914
2022-12-28 15:15:15.190000,117.53,,3637105,,
2022-12-28 15:15:15.703000,117.52,117.55,3638612,,36915
2022-12-28 15:15:16.231000,,,3638862,,
2022-12-28 15:15:16.773000,,,3641863,,36916
2022-12-28 15:15:17.298000,117.51,117.54,3641987,,36917
2022-12-28 15:15:17.831000,,,3641998,,
2022-12-28 15:15:18.350000,117.52,117.55,,,36918
2022-12-28 15:15:18.890000,117.51,,3641999,,
2022-12-28 15:15:19.398000,117.53,,3642000,,36919
2022-12-28 15:15:19.926000,117.51,117.54,3642090,,
2022-12-28 15:15:20.474000,,117.53,3642109,,36920
2022-12-28 15:15:21.011000,,,3642110,,
2022-12-28 15:15:21.533000,117.53,117.55,3642481,,36921
2022-12-28 15:15:22.071000,117.52,,3642729,,
2022-12-28 15:15:22.590000,117.57,117.58,3643033,,36922
2022-12-28 15:15:23.093000,117.58,117.59,3644034,,
2022-12-28 15:15:23.640000,,117.6,3644945,,36923
2022-12-28 15:15:24.143000,117.57,117.59,3645340,,
2022-12-28 15:15:24.645000,,,3646602,,36924
2022-12-28 15:15:25.184000,,,3646655,,
2022-12-28 15:15:25.703000,117.58,117.6,,,36925
2022-12-28 15:15:26.733000,,,3646657,,36926
2022-12-28 15:15:27.275000,,,3646686,,36927
2022-12-28 15:15:27.797000,117.61,117.64,3648314,,
2022-12-28 15:15:28.310000,117.6,117.63,3648514,,36928
2022-12-28 15:15:28.856000,117.61,117.64,3648614,,
2022-12-28 15:15:29.378000,117.59,117.61,3650014,,36929
2022-12-28 15:15:29.925000,,,3650820,,
2022-12-28 15:15:30.436000,117.6,117.63,3650873,,36930
2022-12-28 15:15:30.957000,117.61,,3651473,,
2022-12-28 15:15:31.481000,117.6,,,,
2022-12-28 15:15:32.028000,,117.62,3652455,,36931
2022-12-28 15:15:32.538000,117.59,117.61,3653230,,36932
2022-12-28 15:15:33.045000,,,3653346,,36933
2022-12-28 15:15:33.586000,117.6,117.63,3653469,,
2022-12-28 15:15:34.092000,117.62,,3653471,,
2022-12-28 15:15:34.598000,117.61,,3653674,,36934
2022-12-28 15:15:35.143000,117.62,117.64,3653800,,
2022-12-28 15:15:35.657000,117.63,117.66,3654174,,36935
2022-12-28 15:15:36.179000,,,3654395,,
2022-12-28 15:15:36.698000,117.64,,3655450,,36936
2022-12-28 15:15:37.199000,117.65,117.68,3656442,,
2022-12-28 15:15:37.741000,117.64,117.67,3656457,,36937
2022-12-28 15:15:38.263000,,117.68,3657224,,
2022-12-28 15:15:38.777000,,,3658390,,36938
2022-12-28 15:15:39.297000,,,3659201,,36939
2022-12-28 15:15:39.838000,117.65,,3659601,,
2022-12-28 15:15:40.356000,117.63,117.66,3660578,,36940
2022-12-28 15:15:40.866000,,117.65,3661923,,
2022-12-28 15:15:41.387000,117.62,117.64,3664983,,36941
2022-12-28 15:15:41.926000,117.63,117.65,3665038,,
2022-12-28 15:15:42.475000,117.65,117.68,,,36942
2022-12-28 15:15:43.015000,117.64,117.67,,,
2022-12-28 15:15:43.533000,117.62,117.65,3666553,,36943
2022-12-28 15:15:44.078000,117.63,117.66,3666853,,36944
2022-12-28 15:15:44.598000,117.65,117.68,3666854,,
2022-12-28 15:15:45.136000,117.67,117.69,3667591,,
2022-12-28 15:15:45.702000,,117.7,3667692,,36945
2022-12-28 15:15:46.230000,117.66,117.69,,,
2022-12-28 15:15:46.749000,,117.68,3667715,,36946
2022-12-28 15:15:47.292000,,117.7,3667718,,36947
2022-12-28 15:15:47.813000,117.67,,3668222,,
2022-12-28 15:15:48.951000,,,3668242,,36948
2022-12-28 15:15:49.452000,,117.68,3668343,,36949
2022-12-28 15:15:49.963000,,117.69,3668344,,
2022-12-28 15:15:50.498000,,117.68,3668544,,36950
2022-12-28 15:15:51.003000,117.66,117.67,3668654,,
2022-12-28 15:15:51.541000,,117.68,3668658,,36951
2022-12-28 15:15:52.049000,,,3668878,,
2022-12-28 15:15:53.099000,117.63,117.65,3670541,,36953
2022-12-28 15:15:53.619000,117.64,117.66,3670841,,
2022-12-28 15:15:54.127000,117.63,,3670941,,36954
2022-12-28 15:15:54.630000,117.64,,,,
2022-12-28 15:15:55.137000,117.63,,3671241,,
2022-12-28 15:15:55.649000,117.64,117.65,3671536,,36955
2022-12-28 15:15:56.175000,117.66,117.68,3671643,,
2022-12-28 15:15:56.710000,117.64,117.65,3673376,,36956
2022-12-28 15:15:57.231000,,117.66,3673480,,
2022-12-28 15:15:57.776000,,,3673482,,36957
2022-12-28 15:15:58.323000,117.65,117.68,3673485,,36958
2022-12-28 15:15:58.866000,117.64,117.65,3673486,,
2022-12-28 15:15:59.368000,,117.66,3673725,,36959
2022-12-28 15:15:59.891000,,,3674226,,
2022-12-28 15:16:00.406000,,,3674564,,36960
2022-12-28 15:16:00.945000,,,3674965,,
2022-12-28 15:16:01.469000,,,3674970,,36961
2022-12-28 15:16:02.012000,,,3678496,,
2022-12-28 15:16:02.534000,117.67,117.69,3681203,,36962
2022-12-28 15:16:03.070000,,,3683412,,36963
2022-12-28 15:16:03.600000,,,3684262,,
2022-12-28 15:16:04.128000,,117.68,3684362,,
2022-12-28 15:16:04.640000,,117.69,3685106,,36964
2022-12-28 15:16:05.166000,,,3685257,,
2022-12-28 15:16:05.713000,,,3685621,,36965
2022-12-28 15:16:06.214000,,,3685624,,
2022-12-28 15:16:06.759000,117.69,117.7,3686164,,36966
2022-12-28 15:16:07.281000,,,3686366,,
2022-12-28 15:16:07.808000,,,,,36967
2022-12-28 15:16:08.350000,117.68,,3686972,,36968
2022-12-28 15:16:08.886000,,,3686973,,
2022-12-28 15:16:09.389000,117.67,,3687075,,36969
2022-12-28 15:16:09.934000,117.65,117.68,3687475,,
2022-12-28 15:16:10.468000,117.67,117.69,3687476,,36970
2022-12-28 15:16:10.972000,117.69,117.7,3687688,,
2022-12-28 15:16:11.506000,,,3687933,,36971
2022-12-28 15:16:12.034000,,,3687946,,36972
2022-12-28 15:16:12.548000,,,3688947,,
2022-12-28 15:16:14.076000,,,3690018,,
2022-12-28 15:16:14.603000,117.71,117.72,3690930,,36974
2022-12-28 15:16:15.122000,117.7,,3690931,,36975
2022-12-28 15:16:15.649000,117.71,117.74,3691194,,
2022-12-28 15:16:16.185000,,117.72,3691381,,
2022-12-28 15:16:16.732000,,117.73,3692381,,36976
2022-12-28 15:16:17.276000,,117.74,3692490,,
2022-12-28 15:16:17.815000,,,3692575,,36977
2022-12-28 15:16:18.329000,,117.73,3692704,,36978
2022-12-28 15:16:18.854000,117.7,117.71,3694150,,
2022-12-28 15:16:19.357000,117.69,117.7,3695289,,36979
2022-12-28 15:16:19.877000,117.68,117.69,3695574,,
2022-12-28 15:16:20.397000,,,,,36980
2022-12-28 15:16:20.943000,,,3695850,,
2022-12-28 15:16:21.446000,117.69,117.7,3696063,,36981
2022-12-28 15:16:21.967000,117.71,117.73,3696174,,
2022-12-28 15:16:22.494000,117.7,,3696325,,36982
2022-12-28 15:16:23.002000,117.69,117.72,3696425,,
2022-12-28 15:16:23.514000,117.7,,3696689,,36983
2022-12-28 15:16:24.015000,117.69,,3696761,,
2022-12-28 15:16:24.541000,,117.7,3697872,,36984
2022-12-28 15:16:25.088000,,,3701872,,
2022-12-28 15:16:25.620000,,,3701875,,36985
2022-12-28 15:16:26.147000,117.71,117.72,3701886,,
2022-12-28 15:16:26.661000,,,3702095,,36986
2022-12-28 15:16:27.191000,,,3702242,,
2022-12-28 15:16:27.692000,117.7,117.71,3703055,,36987
2022-12-28 15:16:28.233000,117.69,117.7,3703858,,
2022-12-28 15:16:28.767000,,,3703859,,36988
2022-12-28 15:16:29.840000,,,3703960,,36989
2022-12-28 15:16:30.383000,,117.71,3703961,,36990
2022-12-28 15:16:31.910000,,,3703974,,36991
2022-12-28 15:16:32.421000,,,3704078,,
2022-12-28 15:16:32.923000,,,3704413,,36992
2022-12-28 15:16:33.462000,117.7,117.72,3704447,,36993
2022-12-28 15:16:33.991000,117.72,117.73,3705655,,
2022-12-28 15:16:34.504000,,,3705680,,36994
2022-12-28 15:16:35.031000,,,3705740,,
2022-12-28 15:16:35.542000,117.74,117.75,3706704,,36995
2022-12-28 15:16:36.061000,117.76,117.77,3707517,,
2022-12-28 15:16:36.603000,117.75,,3708519,,36996
2022-12-28 15:16:37.149000,,,3708794,,
2022-12-28 15:16:37.651000,117.74,,3708999,,36997
2022-12-28 15:16:38.181000,117.72,117.75,3710466,,36998
2022-12-28 15:16:38.692000,117.73,,3710666,,
2022-12-28 15:16:39.200000,,,3711966,,
2022-12-28 15:16:39.732000,,,3712266,,36999
2022-12-28 15:16:40.259000,,,3712296,,
2022-12-28 15:16:40.798000,,117.76,3712354,,37000
2022-12-28 15:16:41.309000,117.75,117.77,3712384,,37001
2022-12-28 15:16:41.822000,,117.78,3712525,,
2022-12-28 15:16:42.328000,117.76,117.79,3713703,,37002
2022-12-28 15:16:43.348000,117.77,117.8,3714453,,37003
2022-12-28 15:16:43.857000,,,3714503,,
2022-12-28 15:16:44.925000,117.76,,3715520,,37004
2022-12-28 15:16:45.433000,117.75,117.78,3715521,,37005
2022-12-28 15:16:45.939000,,,3716921,,
2022-12-28 15:16:46.460000,117.77,117.79,3717081,,37006
2022-12-28 15:16:46.978000,,117.8,3717103,,
2022-12-28 15:16:47.480000,,,3717118,,37007
2022-12-28 15:16:47.996000,117.76,117.78,3717819,,
2022-12-28 15:16:48.511000,,,3717999,,37008
2022-12-28 15:16:49.042000,117.75,117.77,3725977,,
2022-12-28 15:16:49.578000,,,3726079,,37009
2022-12-28 15:16:50.155000,,,3726179,,
2022-12-28 15:16:51.207000,117.74,,3726299,,37011
2022-12-28 15:16:51.743000,117.75,,,,
2022-12-28 15:16:52.264000,117.73,117.75,3727131,,
2022-12-28 15:16:52.765000,,,3727132,,37012
2022-12-28 15:16:53.292000,,,3728050,,37013
2022-12-28 15:16:53.807000,,,3728250,,
2022-12-28 15:16:54.330000,,,3728300,,
2022-12-28 15:16:54.848000,,,3728302,,
2022-12-28 15:16:55.376000,,,3728303,,
2022-12-28 15:16:55.882000,,,3728453,,37015
2022-12-28 15:16:56.429000,,,3729135,,37016
2022-12-28 15:16:56.973000,,,3729335,,
2022-12-28 15:16:58.033000,117.72,117.73,3730500,,37017
2022-12-28 15:16:58.560000,,,3731126,,37018
2022-12-28 15:16:59.075000,,117.74,3731637,,
2022-12-28 15:16:59.583000,117.7,117.72,3731739,,37019
2022-12-28 15:17:00.127000,,117.73,3731840,,37020
2022-12-28 15:17:00.628000,117.71,117.74,3731841,,
2022-12-28 15:17:01.141000,,,3732941,,
2022-12-28 15:17:01.696000,117.7,117.73,3734241,,37021
2022-12-28 15:17:02.244000,117.71,,3734371,,
2022-12-28 15:17:02.765000,117.72,117.74,3735062,,37022
2022-12-28 15:17:03.292000,,,3735362,,
2022-12-28 15:17:03.805000,117.71,117.73,3737562,,37023
2022-12-28 15:17:04.328000,117.7,117.72,3737777,,37024
2022-12-28 15:17:04.844000,,117.73,3737867,,
2022-12-28 15:17:05.381000,,,3737967,,37025
2022-12-28 15:17:05.905000,,117.72,,,
2022-12-28 15:17:06.409000,117.71,117.73,3740558,,37026
2022-12-28 15:17:06.947000,,,3740583,,
2022-12-28 15:17:07.469000,117.7,117.71,3741338,,37027
2022-12-28 15:17:08.016000,117.69,,3741644,,
2022-12-28 15:17:08.523000,117.7,,3741829,,37028
2022-12-28 15:17:09.040000,,,3742180,,
2022-12-28 15:17:09.560000,,,3742737,,37029
2022-12-28 15:17:10.102000,117.71,117.73,3743537,,
2022-12-28 15:17:10.631000,117.73,117.74,3743840,,37030
2022-12-28 15:17:11.148000,,117.76,3744950,,37031
2022-12-28 15:17:11.673000,,117.75,3745067,,
2022-12-28 15:17:12.743000,,117.76,3745070,,37032
2022-12-28 15:17:13.290000,,117.75,,,37033
2022-12-28 15:17:13.835000,,117.76,3745725,,
2022-12-28 15:17:14.336000,117.75,,3745852,,37034
2022-12-28 15:17:14.855000,117.74,,3746577,,
2022-12-28 15:17:15.377000,117.76,117.79,3747228,,37035
2022-12-28 15:17:15.917000,117.74,117.76,3747707,,
2022-12-28 15:17:16.439000,,,3747709,,37036
2022-12-28 15:17:16.958000,,117.75,3747814,,
2022-12-28 15:17:17.484000,,,3748174,,
2022-12-28 15:17:17.988000,,117.76,3748211,,37037
2022-12-28 15:17:18.534000,,,3748324,,37038
2022-12-28 15:17:19.076000,117.75,117.77,3749629,,
2022-12-28 15:17:19.607000,117.74,,3750395,,37039
2022-12-28 15:17:20.134000,117.75,,3750793,,
2022-12-28 15:17:20.645000,117.76,117.79,3752749,,37040
2022-12-28 15:17:21.155000,,117.78,3753749,,
2022-12-28 15:17:21.692000,,117.77,3753859,,37041
2022-12-28 15:17:22.218000,,,3753912,,37042
2022-12-28 15:17:22.723000,,,3754054,,
2022-12-28 15:17:23.230000,117.74,117.76,3755092,,37043
2022-12-28 15:17:23.763000,117.73,117.75,3755192,,
2022-12-28 15:17:24.290000,,117.74,3755631,,
2022-12-28 15:17:24.832000,117.72,117.73,3755989,,37044
2022-12-28 15:17:25.359000,117.7,117.72,3758418,,37045
2022-12-28 15:17:25.864000,117.68,117.71,3762814,,
2022-12-28 15:17:26.366000,,,3762915,,
2022-12-28 15:17:26.905000,,,3762997,,37046
2022-12-28 15:17:27.415000,117.63,117.65,3765573,,37047
2022-12-28 15:17:27.945000,,117.64,3766491,,
2022-12-28 15:17:28.493000,,,3766692,,37048
2022-12-28 15:17:29.032000,,,3766792,,
2022-12-28 15:17:29.534000,,117.65,3767048,,37049
2022-12-28 15:17:30.074000,117.62,117.63,3767637,,37050
2022-12-28 15:17:30.621000,117.63,117.65,3767968,,
2022-12-28 15:17:31.122000,,,3768109,,
2022-12-28 15:17:31.661000,,,3768220,,37051
2022-12-28 15:17:32.208000,,,3768677,,37052
2022-12-28 15:17:32.748000,,,3768697,,
2022-12-28 15:17:33.275000,,,3768708,,
2022-12-28 15:17:33.787000,117.65,117.67,3770165,,37053
2022-12-28 15:17:34.295000,117.64,117.66,3772247,,37054
2022-12-28 15:17:34.811000,117.63,117.65,3772572,,
2022-12-28 15:17:35.332000,,,3776372,,37055
2022-12-28 15:17:35.870000,,117.64,3776934,,
2022-12-28 15:17:36.392000,,117.67,3776961,,37056
2022-12-28 15:17:36.894000,,117.65,,,
2022-12-28 15:17:37.443000,,117.67,3776971,,37057
2022-12-28 15:17:37.983000,,,3776973,,
2022-12-28 15:17:38.489000,,117.65,3776993,,
2022-12-28 15:17:38.997000,117.66,117.68,3777129,,37058
2022-12-28 15:17:39.500000,117.69,117.71,3777584,,37059
2022-12-28 15:17:40.017000,,,3778585,,
2022-12-28 15:17:40.544000,,117.7,,,37060
2022-12-28 15:17:41.057000,117.67,,3779373,,
2022-12-28 15:17:41.559000,,117.69,3779883,,37061
2022-12-28 15:17:42.072000,,,3779885,,
2022-12-28 15:17:42.594000,,,3780899,,37062
2022-12-28 15:17:43.112000,,,3780900,,
2022-12-28 15:17:43.639000,,,3780902,,37063
2022-12-28 15:17:44.153000,,,3780912,,
2022-12-28 15:17:44.709000,117.68,,3781518,,37064
2022-12-28 15:17:45.756000,117.67,,,,37065
2022-12-28 15:17:46.297000,,,3781603,,
